3942 6134
318 1046 391 1198 aaa
660 1101 668 1108 ·
835 1073 1173 1170 ἐφ·-
1365 1095 1372 1106 ·

215 1345 217 1354 ,
268 1259 373 1436 [leun
392 1257 478 1348 unt
494 1259 529 1338 ln
551 1257 648 1342 lilaea
669 1257 845 1358 merlaria
864 1259 984 1334 vernis
1000 1259 1213 1339 attentione
1232 1251 1451 1358 dignlmnlaa'
1466 1277 1546 1354 qne
1564 1260 1720 1366 ampelo

326 1357 432 1446 iberia
449 1355 683 1436 meditationi.-
696 1361 904 1451 relinquam.
956 1357 1062 1434 llatae
1077 1355 1237 1434 linuodli
1256 1364 1461 1458 apologiam
1481 1379 1609 1437 contra
1625 1363 1717 1438 Lau·

271 1463 347 1552 noji
362 1457 618 1534 ¹cavillationes
634 1455 832 1532 solidissime
849 1453 1051 1530 vindicarit
1068 1454 1252 1534 P.Natalla
1268 1459 1477 1538 Alexander
1495 1459 1601 1558 *).-1-
1648 1463 1721 1537 Ml&

272 1562 385 1636 rabile
404 1573 545 1646 autem,
583 1555 682 1648 quod
706 1559 851 1630 virtam
872 1555 999 1630 doilua
1019 1577 1095 1630 non
1111 1560 1425 1653 animaduerterit,
1459 1559 1498 1634 se
1518 1581 1662 1653 quoque
1677 1565 1719 1637 in
1887 1572 1888 1577 '

271 1659 453 1748 Launoyo
487 1657 706 1744 refutatum,
743 1648 913 1748 liquidem
938 1653 1199 1750 Episconomm
1229 1681 1387 1735 romanae
1412 1661 1549 1754 synodi
1584 1659 1723 1755 judicio

140 1766 142 1775 ‘
270 1753 378 1837 Dens·
387 1756 486 1830 Sedis
510 1758 604 1828 illius
623 1753 785 1830 erasures
808 1754 1094 1847 sinequmstione
1115 1755 1179 1832 suo
1198 1760 1346 1838 arbitrio
1371 1761 1579 1848 reservarit,
1613 1760 1719 1836 &illl
1784 1802 1789 1810 ·

271 1872 396 1932 tamum
415 1858 510 1930 coelo
531 1855 777 1940 innocentiam
798 1854 892 1933 suam
917 1853 1093 1943 ddaeant,
1132 1855 1269 1938 &bule
1291 1858 1375 1947 uni,
1408 1858 1620 1932 cnidinum
1645 1856 1722 1952 eli,
1888 1846 1889 1859 Ν

160 1991 168 2002 ·
279 1948 331 2032 Tu
347 1955 536 2054 Μείνας,
561 1955 660 2030 nulla
680 1951 721 2026 lit
737 1959 778 2029 in
795 1953 1069 2048 tentassuoerlor
1083 1951 1261 2048 Potestas,
1296 1973 1400 2052 aqua
1417 1958 1568 2052 judicari
1585 1955 1725 2052 pollet,

275 2077 362 2152 ergo
385 2075 433 2131 ne
453 2055 664 2128 mcumeniei
683 2052 827 2144 quidem
847 2055 1036 2130 conciliis
1067 2051 1104 2127 Ο
1124 2059 1310 2150 voluntat,
1335 2071 1507 2149 quantum
1530 2069 1571 2130 na
1594 2061 1631 2133 in
1651 2060 1730 2152 opi

274 2158 403 2230 nionea
426 2153 613 2228 bominum
638 2153 859 2245 dominaris,
895 2174 936 2228 ut
961 2150 1183 2232 intelledum
1209 2155 1383 2232 servltute
1407 2157 1614 2254 oppdum,
1652 2175 1726 2234 nee

200 2275 203 2294 ¹
275 2254 423 2344 videre,
449 2251 730 2346 quaemaniiesta
750 2255 856 2348 sunt,
880 2255 1090 2352 permittar!
1624 2271 1629 2279 ’

949 2427 1060 2546 ia·

385 2605 391 2638 ,-
420 2573 484 2649 Ne
504 2595 594 2650 vero
612 2572 826 2649 adulationis
847 2573 911 2646 tibl
934 2571 1086 2667 suspedia
1104 2575 1271 2669 Synodus
1287 2590 1433 2649 romana
1449 2569 1639 2666 videatur,
1663 2594 1732 2650 no·

279 2676 376 2751 veria
394 2675 559 2750 eumdem
578 2676 825 2749 universaliter
846 2687 933 2748 tunc
949 2672 1051 2748 suilla
1068 2675 1234 2751 Ecclesia:
1254 2666 1410 2765 sensum,
1445 2695 1524 2768 quae
1542 2693 1654 2748 unum
1677 2672 1730 2748 so·
1890 2648 1891 2733 l

219 2799 224 2814 ·
279 2788 442 2871 premum
458 2773 577 2870 Caput
597 2778 709 2850 totius
727 2775 911 2868 corporis,
938 2793 1015 2848 uon
1035 2789 1174 2852 tanturn
1190 2776 1350 2871 dispersi,
1376 2775 1562 2849 sedetiam
1583 2773 1728 2849 colledil

280 2877 513 2974 agnoscebat,
541 2877 688 2968 eoquod
706 2872 968 2968 Apostolorum
982 2875 1172 2973 collegio,
1199 2877 1332 2950 etiamsi
1352 2877 1516 2949 inunum
1534 2893 1729 2971 congrega·

281 2991 323 3050 to
347 2973 442 3050 solua
466 2973 647 3053 aChristo
666 2973 851 3072 presediua
873 2969 924 3046 est
952 2972 1101 3050 Penus.-
1136 2973 1184 3049 Et
1208 2979 1381 3073 gallicana
1404 2975 1547 3068 quidem
1568 2971 1729 3050 Ecclesia
1777 3024 1783 3035 .

153 3085 189 3120 -’
275 3073 485 3167 ‘velipsam
522 3095 703 3150 romanam
739 3075 941 3148 devotione
979 3094 1061 3172 erga
1092 3071 1223 3150 Sedem
1262 3073 1493 3170 apostolicam
1531 3073 1729 3172 superabat.
1891 3070 1892 3105 ¹

247 3256 251 3264 ,
282 3171 463 3250 &nvitun
479 3173 693 3251 Viennensis
715 3171 886 3250 universe
908 3167 1074 3250 Ecclestae
1090 3176 1272 3270 gallicanae
1298 3176 1446 3254 nornine
1471 3173 1516 3248 ad
1535 3173 1729 3249 senatorer
1891 3256 1892 3273 Ν

279 3295 438 3350 roulanae
454 3273 569 3352 Urbis,
580 3273 755 3362 scribens,
784 3277 832 3346 ita
848 3271 977 3346 effatur
997 3271 1082 3364 ”lt
1106 3271 1273 3365 „Perlata
1290 3273 1341 3349 est
1356 3271 1585 3351 sollicitudini
1601 3270 1731 3349 nosttae
1890 3296 1892 3313 ¹

224 3403 229 3410 ·
279 3377 355 3468 „ab
376 3373 474 3448 ltalia
499 3376 534 3448 in
560 3377 821 3467 exemplaribus
843 3370 1070 3456 sacerdotalia
1096 3371 1212 3450 forma
1237 3375 1399 3463 decreti,
1440 3371 1615 3464 quamde
1636 3371 1732 3468 Papa

280 3471 525 3568 „Symmacho
552 3473 645 3568 apud
673 3473 808 3550 Urbem
838 3469 979 3546 colledii
1006 3471 1116 3548 ltaliae
1139 3471 1329 3549 Antistites
1355 3473 1557 3548 ediderunt.
1591 3473 1732 3576 Quam

282 3571 607 3668 „constitutionem
636 3575 723 3648 licet
750 3572 1012 3649 observabilem
1042 3573 1243 3662 numerosi,
1282 3571 1548 3666 reverendique
1571 3569 1731 3647 Concilii

283 3669 439 3766 „reddat
462 3669 631 3758 alsensua,
657 3673 888 3770 intelligimus
909 3685 1028 3744 tamen
1048 3669 1200 3746 santium
1216 3667 1538 3766 SymmachumP.,
1564 3671 1588 3746 u
1606 3669 1731 3745 seculo

282 3771 463 3865 „primum
487 3771 603 3844 fuerat
622 3773 823 3864 accusatur,
866 3767 1174 3846 Consacerdotunt
1194 3771 1338 3848 suorum
1348 3769 1517 3849 solatium
1534 3773 1657 3866 potius
1674 3767 1733 3849 ad-

258 3949 260 3952 ,
284 3867 478 3964 „sciscere,
514 3891 617 3962 quam
640 3875 800 3968 recipere
826 3869 983 3944 debuisse
1003 3869 1190 3964 judicium.
1241 3873 1336 3989 Quia
1360 3871 1450 3947 ficut
1473 3869 1636 3946 subditos
1660 3879 1730 3945 nou

284 3969 383 4066 „elle
406 3971 555 4046 terrenis
573 3969 809 4045 Potestatibue
821 3968 926 4066 iubet
944 3971 1076 4044 arbiter
1096 3973 1176 4044 coeli
1200 4025 1243 4043 ..
1265 3990 1317 4048 ata
1333 3992 1411 4046 nou
1429 3969 1536 4046 facile
1556 3971 1661 4046 datur
1677 3971 1732 4043 in·

284 4071 439 4168 „telligi,
457 4091 524 4162 qua
543 4073 602 4142 vel
621 4073 773 4160 ratione,
791 4073 852 4145 vel
869 4068 948 4165 lege
968 4072 1012 4143 ab
1028 4069 1259 4148 inferioribus
1276 4073 1493 4147 eminentior
1506 4067 1731 4165 iudicetur·“

282 4167 394 4245 Tunc
416 4192 505 4245 vero
527 4169 722 4260 S.Avitur,
763 4187 803 4245 ut
820 4171 972 4245 Senator
992 4167 1065 4264 ipse
1083 4189 1273 4263 romanus,
1310 4173 1346 4244 dt
1366 4168 1572 4245 christianus
1587 4167 1733 4266 Episco-

285 4291 353 4366 pus
374 4269 571 4345 obtestatur
587 4267 798 4362 Senatores,
839 4283 880 4344 ut
900 4268 990 4346 sicut
1010 4291 1076 4364 pro
1103 4271 1234 4346 hanum
1258 4271 1382 4346 mundi
1403 4267 1522 4363 Caput
1543 4270 1632 4346 nulli
1654 4269 1731 4342 sub

165 4451 169 4460 ,
286 4369 442 4443 dirorum
456 4371 594 4464 judicio
611 4367 816 4448 submittere
833 4368 1032 4461 auderent,
1099 4393 1120 4444 a
1137 4392 1211 4444 non
1228 4372 1378 4466 amplius
1396 4372 1467 4444 tale
1485 4368 1569 4462 quid
1587 4371 1625 4442 in
1641 4365 1730 4442 suin·

133 4481 145 4504 ‘
213 4483 220 4491 ‘
284 4489 382 4544 mum
401 4465 613 4548 Pontificem
639 4482 881 4567 attentarent:
918 4471 974 4544 Ne
997 4476 1103 4544 minus
1125 4475 1264 4567 diligatis
1283 4480 1321 4546 in
1341 4468 1479 4562 Ecclesia
1497 4469 1602 4564 vestm
1621 4471 1732 4546 &dent

286 4568 401 4655 Petri,
428 4593 521 4664 quam
545 4581 579 4646 ln
604 4571 740 4644 narrate
759 4575 875 4666 apicem
900 4574 1031 4656 munile
1054 4567 1197 4644 demum
1220 4569 1427 4645 concludit:
1451 4569 1516 4658 „Si
1540 4571 1579 4642 in
1601 4565 1731 4642 ceterie

166 4681 169 4686 '
284 4667 565 4759 „Sacerdotibus
586 4669 718 4762 aliquid
735 4668 994 4744 reformatione
1012 4667 1193 4765 indigeat,
1219 4669 1255 4742 id
1275 4668 1374 4763 polle
1392 4667 1600 4756 reformem
1626 4667 1649 4742 fi
1672 4681 1733 4737 ve·

85 4821 87 4844 .
283 4788 355 4858 „ro
376 4765 523 4864 suspicio
546 4769 711 4845 adverlna
734 4769 906 4848 summum
920 4763 1136 4871 l'outifieem
1160 4771 1359 4862 excitetur,
1394 4769 1467 4862 jam
1487 4786 1564 4846 non
1586 4762 1749 4862 Episco.

1547 4885 1677 4962 vpuma
1713 4869 1717 4874 ι

287 4971 955 4994 *uu—m

343 5105 347 5112 ⁴
367 5029 397 5105 ')
421 5029 468 5089 ud
484 5027 550 5088 uec.
563 5033 602 5102 ό,
622 5025 738 5093 Dissert.
753 5047 782 5097 ι.
904 5033 953 5114 t⁸)
974 5027 1125 5104 uptun.
1257 5107 1265 5117 Ι
