3942 6134
229 1280 345 1375 empla
362 1276 460 1353 haud
472 1222 714 1369 infrequentia
725 1274 765 1350 in
776 1218 943 1350 Ecclesiae
957 1271 1112 1349 Praeiatia
1126 1222 1196 1351 tam
1209 1286 1339 1370 vetut,
1362 1298 1465 1373 quam
1484 1296 1609 1356 recem
1627 1275 1676 1355 hi·
1800 1337 1804 1353 .

224 1382 332 1460 storia
349 1380 511 1453 exhibet.
571 1374 628 1451 Ex
643 1376 796 1449 adverso
811 1377 981 1451 immotus
1001 1396 1067 1469 pro
1085 1374 1321 1451 Ecclestarum
1338 1380 1562 1454 immunitate
1578 1377 1675 1453 stetit

223 1500 395 1555 romanua
409 1476 602 1563 Pontifex,
618 1479 741 1551 omnia
755 1478 801 1549 ab
813 1472 996 1569 Episcopia
1009 1477 1045 1549 in
1060 1474 1161 1551 causa
1177 1475 1362 1573 Regalium
1379 1478 1452 1553 asia
1467 1482 1598 1553 uulliur
1614 1501 1673 1552 ro·
1725 1504 1730 1513 ·
1807 1479 1811 1500 ¹

110 1633 111 1640 a
226 1582 348 1671 boris,
366 1578 401 1651 u
419 1579 515 1651 irrita
531 1576 948 1664 declaravitprnodicani
958 1576 1026 1649 illia
1041 1574 1295 1669 constantiam,
1312 1579 1525 1669 nimiamque
1544 1576 1673 1649 timidi·

224 1694 363 1768 tatem,
379 1676 479 1752 secut
495 1697 537 1749 ae
552 1690 717 1749 veterum
736 1673 876 1748 Patrum
893 1676 1057 1767 exempla
1073 1674 1269 1767 docerent,
1291 1677 1480 1769 objiciens.
1507 1674 1673 1751 Presulet

224 1780 389 1877 gallicani
405 1778 579 1868 sequente
587 1794 686 1849 anno
697 1778 827 1849 iterum
844 1771 888 1847 ad
901 1774 1048 1847 comitia
1062 1779 1346 1865 convenienter,
1365 1789 1405 1850 ut
1416 1774 1560 1870 provisa
1573 1776 1674 1847 Vati·

225 1878 308 1951 cani
325 1878 474 1951 fulmina
490 1876 551 1949 vel
567 1887 803 1964 everterent,
823 1876 883 1947 'ries
896 1872 1129 1961 hebetarent,
1146 1873 1358 1968 potestatem
1373 1872 1557 1949 Pontificio
1573 1890 1673 1969 enct·

110 1979 111 2034 l
226 1978 406 2064 vandum,
429 1978 492 2049 vei
513 1973 634 2049 saltem
654 1972 901 2071 deterrendum
921 1971 1083 2064 preclua
1103 1972 1160 2045 sua
1178 1976 1430 2051 Declaratione
1448 1977 1674 2089 cogitarunt,

110 2163 111 2202 Ν
228 2078 284 2251 cui
303 2075 449 2271 quidam
465 2096 511 2149 ex
526 2074 597 2149 iilia
620 2071 658 2149 id
673 2072 828 2151 dandum
846 2073 986 2170 potine
999 2072 1088 2165 rati,
1108 2074 1166 2149 alii
1179 2092 1271 2148 vero
1285 2088 1386 2149 metu
1403 2072 1513 2157 adach
1532 2071 1676 2149 subscri·
1707 2138 1710 2151 .

893 2327 1025 2467 §.n

308 2540 311 2543 ·
375 2497 561 2601 Quantum
577 2496 622 2571 ab
638 2495 737 2569 avita
751 2486 893 2567 Petrum
905 2492 978 2567 fide
999 2492 1065 2567 hac
1077 2490 1335 2569 Declaratione
1349 2492 1555 2567 recesserint
1571 2485 1679 2565 Galli·
1744 2564 1753 2591 ,

234 2598 333 2687 cani,
355 2612 398 2672 ut
418 2600 572 2691 antiquie
595 2592 780 2670 ostendam
801 2594 1051 2686 documentin,
1072 2612 1194 2681 meus,
1218 2614 1324 2686 quent
1345 2594 1520 2681 intendo,
1550 2589 1698 2683 scopus·

227 2718 393 2873 illst?
408 2710 603 2871 illisa
619 2690 1478 2887 setil'lslisels‘lstultitiis}
1496 2691 1681 2877 illusi
1723 2808 1730 2823 ·

110 2898 111 2982 Τ
227 2895 392 2990 prestitit
407 2894 551 2971 dosiiss,
558 2890 685 2967 Abbaa
699 2890 909 2977 Petitdidier
923 2893 960 2965 in
974 2888 1145 2963 Tractatu
1162 2891 1374 2987 theologico
1393 2888 1438 2963 de
1456 2886 1680 2976 Attanum,

226 3000 274 3083 θ’
291 2993 527 3089 infallibilitate
541 2990 754 3085 Pontificum,
771 2994 816 3065 ab
828 2988 1162 3065 Archiordinariatu
1177 2990 1384 3079 trevirensr,
1399 2990 1432 3063 u
1445 2988 1586 3063 duobus
1600 2984 1682 3057 Gal·

226 3097 275 3169 lis
290 3092 327 3167 T
329 3097 508 3190 heniogiae
524 3088 783 3167 Prosesiorihus
799 3089 1001 3182 adprobato
1014 3088 1256 3185 Lunemburgi
1278 3107 1375 3163 anno
1400 3108 1505 3181 17²4·
1540 3083 1684 3159 Praeter·

227 3194 286 3267 ire
305 3208 429 3265 tamen
442 3195 516 3264 hoc
531 3192 618 3262 loeo
635 3208 711 3277 non
727 3180 889 3280 possum,
906 3184 987 3278 post
1003 3186 1262 3261 constantiense
1277 3186 1480 3263 Concilium
1498 3184 1614 3263 adhuc
1636 3181 1684 3257 se·

227 3290 306 3375 culi
324 3286 457 3361 decimi
473 3286 609 3379 septimi
628 3287 735 3357 initio
751 3281 845 3378 ipsos
857 3262 983 3356 Gallie
1001 3282 1164 3357 Presuiet
1182 3284 1228 3359 de
1245 3280 1431 3378 pontificia
1447 3282 1682 3359 Authoritate

230 3392 346 3485 longe
360 3387 428 3459 alia
442 3385 537 3459 sensa
550 3380 702 3471 fovisse,
718 3404 761 3457 ac
775 3382 922 3477 publice
935 3380 1149 3461 declarasse:
1172 3382 1226 3459 Ita
1242 3404 1340 3459 anno
1365 3390 1482 3462 1626
1506 3382 1684 3481 generalia
1801 3458 1805 3465 ¹

233 3486 330 3563 Cleri
350 3486 498 3559 comitia
517 3486 554 3559 in
573 3478 735 3577 Epistola
747 3480 792 3553 ad
810 3500 939 3555 omnes
954 3479 1071 3579 Regni
1090 3470 1227 3559 Archi·
1244 3486 1277 3557 ἃ
1296 3484 1492 3580 Episcopus
1514 3482 1683 3559 statuunt.

233 3588 437 3681 „Magnum
454 3582 506 3658 esi
526 3576 768 3657 testimonium
788 3581 920 3655 amoris·
943 3602 1026 3679 erga
1052 3581 1190 3674 Deum,
1213 3582 1425 3674 observare,
1446 3585 1483 3661 u
1505 3586 1685 3659 honorate

236 3706 350 3775 „eos,
373 3684 433 3775 qui
453 3684 532 3783 sunt
547 3684 584 3755 in
597 3678 671 3753 hoc
688 3677 827 3760 mundo
844 3678 1052 3772 constituti,
1077 3697 1119 3755 ut
1133 3686 1233 3759 illurn
1249 3684 1523 3777 representem,
1549 3683 1684 3757 &loco

240 3787 363 3879 „illius
384 3783 471 3876 sint,
491 3780 751 3872 hominumque
799 3774 1035 3856 ccesiitatibus
1058 3802 1125 3876 pro
1147 3782 1258 3857 salute
1280 3787 1474 3859 animatum
1497 3783 1684 3867 visrbiliter

238 3882 418 3977 „preston
465 3879 579 3979 Quod
603 3900 685 3951 eum
707 3878 749 3951 sit
769 3796 989 3973 Engulariter
1012 3879 1153 3957 summit
1172 3878 1409 3957 Pontificibus
1432 3881 1533 3978 supra
1557 3900 1686 3959 omues

237 3982 465 4077 „Episcopus
488 3974 715 4064 eoncessum
739 3976 845 4068 plane
871 3982 1069 4070 convenit,
1095 3980 1163 4055 hos
1188 3979 1226 4053 se
1245 3981 1433 4057 inferiores
1458 3979 1687 4079 agnoscendo

240 4074 1687 4172 „nommillishonorern,observantiam,&reverentianexlrinere,utonner

113 4213 114 4238 l
243 4182 399 4273 „reliqui
417 4176 562 4253 istorum
578 4177 748 4269 exemplo
763 4172 858 4250 idem
874 4172 1019 4251 faciant.
1058 4174 1292 4255 Admonendi
1307 4178 1387 4255 sunt
1403 4200 1488 4278 ergo
1505 4179 1688 4274 Episcopi,

113 4333 114 4388 ,
245 4295 316 4373 „ut
335 4280 372 4355 S.
403 4276 531 4353 sedern
553 4274 787 4371 apostolicam
805 4270 1012 4365 honorent,
1040 4274 1281 4367 &Ecclesram
1303 4300 1486 4358 romanam
1511 4276 1690 4354 infallibili

243 4382 344 4469 „Dei
356 4375 585 4474 proniffione
598 4372 781 4451 fundatam
793 4371 831 4446 in
843 4370 1012 4469 sanguine
1024 4373 1306 4471 Apostolorum,
1324 4380 1592 4470 &Martyrum
1612 4374 1692 4453 Ma·

242 4496 361 4570 „trent
377 4475 631 4565 Ecclestarum,
647 4494 746 4568 que,
759 4488 800 4547 ut
812 4468 847 4545 8.
862 4470 1074 4551 Athanasius
1086 4477 1267 4570 loquitur,
1281 4476 1375 4573 quasi
1388 4476 1557 4553 sacratum
1571 4474 1691 4569 Caput

245 4578 324 4670 „est
331 4579 489 4669 ,relique
502 4572 688 4665 Ecclefiae,
725 4590 831 4663 aquo
846 4573 922 4663 eiua
937 4578 1096 4650 membra
1110 4594 1302 4675 reguntur,
1318 4574 1588 4666 custodiuntur,
1604 4592 1691 4651 eon·

114 4697 115 4714 ¹
243 4679 468 4769 „servantun
502 4672 708 4748 Observent
726 4692 872 4762 quoque
887 4671 923 4745 S.
945 4668 1084 4759 Patrem
1106 4676 1264 4751 nostrum
1288 4674 1438 4769 Papam,
1463 4698 1530 4763 cgu
1549 4674 1689 4751 vjfibsse

114 4723 122 4922 l
243 4774 390 4873 „Caput
402 4772 575 4849 universe
592 4767 979 4862 Ecclehae,Vicarium
993 4770 1066 4850 Dei
1086 4777 1245 4901 interra,
1261 4772 1477 4875 Episcopum
1491 4774 1691 4871 Episcopo·
1851 4878 1856 4885 Ι

1294 4910 1307 4919 ·
1465 4877 1474 4899 ’
1524 4896 1645 4970 „run

114 4969 115 5023 1
248 4980 578 4999 *nn-—

115 5071 116 5134 3
313 5012 936 5122 ··)'vrtel²letu.conrinssauann.roet‚
957 5010 1056 5113 &⁷820¹
