3942 6134
95 991 210 1129 l»

95 1190 96 1203 ¹
200 1196 218 1231 Ι

322 1020 400 1143 noo
557 1140 566 1161 .
627 1024 632 1031 ⁴
861 1014 1194 1125 ...ὴ-ι

276 1232 412 1327 „ritate
432 1226 533 1307 Sedis
551 1220 774 1322 apostolicas,
800 1221 899 1315 quod
917 1241 1109 1312 numquam
1127 1220 1250 1312 linuit,
1275 1185 1468 1315 numquam
1482 1220 1613 1303 fadum
1634 1224 1735 1317 est,“

277 1324 424 1430 Juifi'oni
443 1328 577 1403 Leonis
598 1316 974 1414 obtemperatumest,
1013 1320 1212 1395 Dioscorus
1232 1324 1269 1393 in
1294 1322 1415 1395 medio
1436 1321 1544 1415 stare,
1587 1327 1621 1399 ἀ
1640 1328 1738 1425 judi.

278 1433 373 1507 cium
399 1429 512 1505 subite
533 1423 653 1517 jussus.
707 1423 822 1497 Secus.
841 1419 886 1495 de
907 1418 1171 1509 Theodoreto,
1201 1420 1283 1512 Cyri
1300 1418 1481 1517 Episcopo
1505 1423 1643 1517 aslum,
1658 1430 1738 1521 „qni

224 1546 232 1562 ·
278 1512 506 1607 i'n'Concilio
534 1518 695 1597 admissus
719 1520 768 1594 est
796 1544 837 1594 ea
861 1518 932 1595 sola
956 1520 1123 1603 rarione,
1161 1522 1242 1610 quia
1266 1519 1300 1591 S.
1316 1519 1395 1593 Leo
1420 1524 1452 1595 ei
1478 1520 1741 1619 Episcopatum

262 1620 452 1717 restituit,
486 1638 595 1720 prout
614 1616 704 1693 neta
728 1618 911 1694 testantur.
963 1616 1062 1691 inter
1081 1617 1325 1695 accusationes
1344 1636 1470 1695 contra
1488 1620 1738 1715 Eutycbetem

215 1724 217 1731 ‘
277 1729 435 1827 prolatas
448 1726 490 1797 ea't
504 1728 650 1815 quoquc
663 1720 752 1811 init,
778 1713 876 1812 qnod
890 1714 1063 1789 S.Leonis
1076 1712 1259 1809 epistolam
1273 1718 1463 1810 respuerit:
1489 1718 1565 1810 „Et
1578 1720 1742 1817 posthaec

279 1828 431 1921 ‚somnia
447 1824 589 1911 insuper
601 1819 635 1891 lic
646 1836 772 1892 contra
786 1814 922 1911 ipsum,
949 1818 1007 1889 cui
1018 1816 1133 1889 vineae
1143 1814 1302 1889 custodia
1319 1818 1534 1893 asatvatore
1550 1823 1741 1902 commitis

278 1922 381 2033 ‚,est,
408 1916 752 2009 ostenditinsaniam,
779 1914 898 2007 idest,
928 1914 1745 2015 contratuamSaniiitatem..epistolamqui

279 2024 390 2119 „dem
410 2037 480 2097 tuae
500 2018 667 2111 respuens
689 2014 932 2092 Sansiitatis.“
996 2012 1153 2088 Anione
1174 2018 1249 2089 r6t³
1267 2030 1395 2112 rogant
1412 2012 1531 2091 Patres
1548 2022 1746 2113 synodum

280 2146 302 2199 a
317 2122 445 2199 Leone
460 2115 660 2215 confirmari
678 2166 691 2205 ,
730 2120 766 2191 in
781 2112 897 2211 specie
912 2114 1030 2209 quoad
1049 2118 1317 2209 prerogativam
1333 2113 1746 2213 Constantinopolitano

278 2220 462 2317 Episcopo
483 2216 569 2291 Can.
584 2224 628 2297 28
645 2214 871 2299 concessam:
928 2210 1137 2309 „Rogamus
1159 2212 1191 2283 u
1210 2214 1280 2286 tuis
1303 2216 1455 2288 decretis
1481 2218 1640 2293 nostrum
1672 2222 1743 2295 ho·

279 2316 613 2417 ,3norajudicium,
655 2313 687 2389 dt
710 2316 799 2389 ficut
821 2334 888 2387 nos
909 2312 1027 2405 Capiti
1051 2314 1087 2385 in
1107 2312 1213 2385 bonis
1234 2312 1428 2404 adjecimus
1448 2315 1742 2410 consonantiam,

281 2420 357 2519 „fic
379 2420 411 2491 dt
433 2416 623 2493 Summitas
643 2428 704 2487 tua
721 2411 819 2506 filiis,
846 2412 943 2505 quod
965 2412 1092 2497 decet,
1118 2412 1350 2504 adimpleatr‘
1397 2413 1449 2487 lta
1471 2412 1637 2491 Piaesules
1661 2434 1744 2493 tan.

281 2520 361 2595 ium
381 2516 415 2593 se
434 2514 570 2590 Leonis
589 2496 685 2589 filios
704 2516 893 2587 nominant
916 2510 1010 2585 susm
1034 2510 1234 2585 indicantes
1255 2503 1533 2605 submiliionem,
1570 2515 1607 2589 u
1627 2516 1747 2611 proli·

281 2632 406 2693 tentor
432 2614 475 2687 ad
505 2614 810 2705 complementum
841 2610 889 2683 sui
916 2602 952 2683 in
977 2608 1150 2681 Concilio
1164 2608 1288 2701 judicii
1317 2610 1446 2685 decere
1475 2613 1748 2693 inanescere
1879 2685 1880 2700 Ν

282 2706 575 2790 confirmativum
596 2708 803 2783 decretum:
835 2710 946 2784 imm'o
971 2728 1052 2795 cum
1071 2706 1173 2799 Papae
1192 2707 1421 2783 confirmatio
1443 2718 1622 2791 retinente
1642 2714 1745 2791 Ana·

221 2828 223 2835 '
281 2814 402 2929 tholip
420 2802 845 2903 Constantinopolitano,
877 2812 937 2901 qui
958 2804 1026 2880 suae
1050 2808 1256 2881 ambitionis
1278 2811 1451 2901 repulsam
1473 2818 1624 2905 tulerat,
1660 2816 1745 2891 dita·⁴

237 2986 240 2998 ,
281 2906 355 3000 tius
380 2930 455 2989 non
479 2906 749 3004 comparuisset,
776 2904 915 2981 Patrum
932 2908 1102 3001 precibus
1123 2922 1292 2981 exoratus
1313 2908 1513 3002 Imperator
1531 2912 1745 2991 Marcianus
1879 2905 1880 2940 ¹

183 3016 184 3024 '
285 3006 330 3087 id
347 3010 510 3085 Leonem
531 3006 566 3082 Pa
587 3006 750 3103 scripit,
766 3008 983 3083 anxietatem
1001 3005 1176 3081 Fideliutn
1196 3027 1404 3100 exponens,
1430 3030 1477 3083 ne
1500 3013 1604 3105 ipsius
1626 3012 1747 3110 Euty-

283 3098 419 3187 chiana
438 3106 574 3185 haerens
593 3106 774 3183 damnatio
793 3107 954 3203 ambigua
972 3106 1167 3179 videretur.
1208 3102 1377 3181 Tantum
1402 3110 1627 3185 authoritatis
1649 3126 1744 3191 tunc

282 3208 482 3307 pontificiae
505 3210 632 3283 litterae
656 3208 864 3297 habebant,
902 3226 980 3297 quae
1007 3207 1046 3281 in
1072 3202 1223 3300 publicis
1244 3202 1411 3280 Ecclesris
1441 3212 1743 3308 prelegebantur,

283 3328 327 3403 ut
347 3314 385 3385 in
405 3310 564 3385 omnium
584 3306 759 3381 Fidelium
782 3307 947 3382 notitiam
971 3309 1153 3379 venirent.
1201 3306 1358 3405 Demum
1377 3313 1425 3391 28
1442 3304 1648 3403 Canoncm,
1676 3316 1745 3389 etii
1878 3355 1879 3394 ;

283 3412 399 3483 totius
416 3406 553 3499 Synodi
573 3406 744 3489 consensu
763 3406 995 3495 roboratum,
1021 3404 1191 3479 Pontifex
1209 3408 1347 3479 irritum
1364 3412 1641 3501 pronunciavit,
1670 3432 1745 3488 nec
1878 3413 1879 3472 ἓ

284 3510 368 3603 ullis
394 3506 548 3581 duorum
568 3504 853 3597 imperatorum,
891 3502 1185 3595 &imperatricis
1210 3507 1400 3598 precibus,
1437 3521 1480 3581 ut
1506 3511 1745 3604 consentiret,
1878 3509 1879 3590 ἔ

283 3602 419 3691 infleiii
440 3602 475 3677 se
496 3600 608 3697 passus
626 3600 697 3690 est,
719 3602 930 3676 rescribens:
956 3600 1077 3691 „Satis
1092 3604 1133 3677 srt
1149 3600 1371 3695 Anatholio,
1398 3606 1494 3697 qnod
1513 3608 1647 3682 Veslrae
1667 3615 1748 3705 pie·⁸
1878 3599 1879 3656 i

284 3706 398 3801 „tatis
418 3704 577 3791 auxilio,
616 3698 742 3773 &mei
763 3698 898 3775 favoris
922 3698 1331 3797 assensuEpiscopatum
1357 3717 1464 3779 tantae
1484 3708 1581 3781 urbis
1608 3708 1743 3805 (Con-

286 3796 673 3903 „stan'tinopolitanae)
700 3796 900 3873 obtinuit.“
947 3798 1061 3874 Item:
1085 3798 1375 3892 „consensiones
1394 3802 1653 3901 Episcoporum
1678 3811 1744 3887 88.

284 3902 503 4001 „canorum
522 3898 614 3993 apud
630 3896 790 3973 Nicaeam
811 3899 1041 3975 conditorum
1063 3902 1193 3998 regulis
1210 3918 1450 3998 repugnantes
1475 3956 1517 3973 ...
1541 3910 1577 3979 in
1600 3909 1745 3984 irritum

262 4002 509 4099 ','',mittimus,
559 3997 670 4094 &per
690 3995 923 4076 Autbnritatcm
943 4001 984 4073 Β.
1002 4000 1096 4075 Petri
1112 4003 1255 4097 Apelleis·
1271 4006 1426 4095 generali
1450 4003 1591 4099 prorsns
1614 4004 1759 4080 defini·
1877 3997 1878 4082 i

92 4205 93 4213 Ν
205 4181 211 4193 s
285 4100 417 4199 ,tione
446 4098 641 4173 cassamus“
670 4098 719 4189 'ia
792 4096 1004 4184 Tantumne
1019 4098 1107 4174 ‘Leo
1132 4100 1191 4187 M,
1212 4100 1405 4197 potuisset,
1428 4152 1434 4170 .
1459 4106 1523 4181 nifi
1548 4106 1745 4183 universati

283 4202 407 4305 setiam
427 4192 595 4295 Concilio
616 4194 786 4297 Superior
805 4196 951 4273 suisset?

968 4413 988 4455 ·'
1009 4391 1034 4464 2
1066 4434 1080 4463 ο

341 4502 346 4509 ’
429 4512 591 4619 Propter
607 4514 774 4596 famosam
802 4516 908 4593 trium
933 4370 1183 4688 {apitilomm
1204 4516 1355 4607 caussam
1382 4542 1412 4599 a
1434 4460 1525 4701 '553
1546 4507 1747 4602 'celebrate

284 4620 355 4705 mit
371 4620 538 4717 synodus
554 4616 980 4713 constantinopolitana]
1002 4670 1013 4693 .
1055 4612 1147 4691 Cum
1165 4624 1358 4695 orientales
1376 4622 1431 4719 Ep
1461 4625 1544 4719 copi
1562 4622 1641 4695 satis
1658 4644 1746 4719 per·

248 4804 261 4817 „
285 4724 427 4821 peiium
447 4708 643 4811 haberent,
675 4716 753 4793 fieri
780 4737 857 4801 non
879 4714 979 4811 posse
1002 4721 1263 4799 oecumenicum
1284 4720 1509 4817 Concilium,
1541 4722 1606 4797 nis
1626 4720 1743 4803 Rom.

1590 4816 1692 4895 Pon·

284 4915 951 4947 wentanum-ffl-

301 4948 718 5065 'immmm.
