3942 6134
291 1153 294 1160 ,
342 1104 415 1169 120
851 1106 1187 1149 m-

432 1396 875 1493 -rterumquessaequtvocrs
896 1397 1019 1470 verbis
1042 1392 1190 1481 ludunt,
1223 1394 1282 1486 qui
1308 1388 1519 1471 Pontificem
1541 1416 1620 1472 non
1643 1400 1680 1474 in
1706 1398 1749 1476 se

290 1504 394 1592 solo,
408 1499 478 1577 sed
495 1516 633 1572 tanturn
651 1492 732 1569 c'um
749 1491 919 1586 consensis
935 1492 1102 1567 Ecclenae
1117 1480 1339 1571 infallibilem
1357 1496 1568 1587 predicant:
1593 1517 1675 1571 narn
1694 1502 1752 1573 in·

291 1601 457 1681 terduos
473 1613 654 1675 extremos
671 1593 790 1684 casus,
830 1594 892 1667 ubi
914 1595 973 1665 vel
982 1594 1073 1685 solos
1091 1590 1134 1665 srt
1150 1590 1320 1667 Pontifex
1339 1608 1467 1666 contra
1488 1608 1601 1669 totam
1619 1594 1752 1673 Eccle-

185 1683 228 1759 0
291 1705 398 1790 liant,
437 1701 498 1773 vel
518 1718 599 1772 cum
618 1691 798 1769 Pontifice
816 1709 882 1766 rora
897 1689 1056 1767 Eccrena
1080 1690 1174 1765 idern
1194 1690 1354 1783 judicet,
1383 1689 1603 1769 diffindere
1627 1691 1751 1773 solent

291 1802 450 1881 medium
459 1800 606 1890 tersum,
633 1814 787 1885 eumque
802 1786 1137 1882 frequentissimum,
1163 1810 1245 1863 cum
1261 1793 1324 1863 lite
1341 1792 1377 1867 in
1393 1786 1550 1865 Ecclesia
1567 1812 1669 1887 orta,
1695 1812 1752 1871 et·

291 1922 364 1995 que
384 1900 558 1986 sententia
575 1890 757 1967 Pontificis
778 1894 849 1963 late
868 1909 948 1984 pars
966 1913 1035 1963 uno
1051 1888 1158 1983 cupiti
1181 1886 1361 1965 consentit
1381 1892 1481 1963 altera
1502 1890 1753 1971 dissentiente·

290 2001 382 2079 Duo
403 1998 455 2070 illi
481 1994 630 2068 extremi
655 1989 752 2064 casus
775 1988 951 2083 ejusmodi
975 1988 1074 2081 sunt,
1105 2001 1148 2060 ut
1173 1987 1218 2061 de
1240 1987 1429 2081 posteriori
1455 1992 1554 2063 nulla
1578 1992 1620 2067 lit
1645 2016 1752 2089 pror-

233 2172 239 2181 ,
290 2100 348 2177 sus
372 2100 466 2170 inter
484 2090 695 2165 Catholicos
713 2086 979 2163 controversa:
1009 2085 1053 2159 de
1073 2088 1206 2181 priori,
1231 2085 1257 2161 sr
1279 2103 1398 2185 tumen
1420 2085 1587 2181 poffibilis
1608 2090 1672 2179 lit,
1697 2116 1749 2171 ex

290 2190 560 2275 constantienfis
585 2186 740 2263 Concilii
760 2189 911 2265 decreto
929 2185 1095 2280 pariensis
1113 2184 1267 2274 schole,
1302 2204 1345 2261 ut
1363 2189 1508 2282 placet,
1545 2188 1749 2271 doiirlnrtn

102 2307 106 2315 ’
174 2302 179 2310 ’
266 2300 413 2392 eligas.
463 2291 523 2364 De
546 2292 656 2362 tertio
681 2288 782 2377 casu,
816 2304 935 2377 eoque
959 2282 1294 2361 intermedio'nihil
1319 2282 1438 2361 Patres
1464 2286 1748 2369 constantienses

288 2396 507 2473 statuerunt:
541 2389 645 2465 velet,
655 2388 761 2481 igitur
776 2386 921 2477 antiqua
936 2380 1025 2457 fidei
1037 2384 1177 2478 regula,
1210 2386 1406 2475 quamlibet
1421 2386 1602 2480 vulgarem
1618 2385 1747 2468 lieele-

288 2494 405 2583 fiam,
441 2503 483 2562 ut
507 2485 686 2561 catholica
708 2483 779 2572 fit,
819 2502 901 2557 curn
928 2498 1057 2556 centro
1078 2484 1227 2557 unitatis
1250 2480 1384 2558 debere
1407 2482 1477 2559 elie
1501 2486 1743 2579 conjubilans.

248 2591 250 2595 ’
290 2594 490 2693 Quotquot
507 2588 546 2657 in
562 2582 635 2659 fide
647 2586 719 2674 jain
735 2578 882 2655 definite
897 2580 1139 2669 dissentirent,
1151 2670 1156 2683 .
1167 2584 1242 2655 'ille
1259 2585 1304 2659 ab
1317 2585 1458 2666 ¹unitate
1473 2591 1636 2677 eorporis
1654 2606 1745 2665 cum

289 2685 498 2781 suocapite
519 2682 555 2757 se
576 2684 795 2775 separarent,
828 2677 1077 2754 &catholice
1099 2700 1146 2753 eo
1168 2679 1244 2775 ipso
1260 2683 1431 2777 jamnon
1453 2681 1586 2757 serent.
1637 2682 1745 2780 Huc,

289 2788 449 2880 inquam,
475 2784 621 2875 entique
637 2777 741 2867 fides,
767 2782 868 2871 eujus
886 2778 1055 2873 proseffio
1068 2782 1140 2873 jam
1158 2777 1261 2855 sexto
1279 2784 1402 2858 seculo
1417 2804 1436 2857 e
1453 2778 1685 2857 &Hormisda
1702 2783 1744 2861 P.

290 2884 526 2964 orientrlibus
542 2881 726 2975 Episcopir
741 2878 961 2973 prescripta,
986 2878 1219 2955 &abiisdem
1235 2877 1513 2979 subigentes,
1528 2882 1746 2977 sequestrator
1874 2920 1875 2935 ι

288 2982 540 3065 ocrmmunirrre
561 2978 704 3077 Ecclrsre
724 2984 878 3059 cunno
889 3031 904 3072 ,
941 2978 981 3054 id
1005 2976 1078 3075 est,
1116 3002 1179 3058 nun
1203 2986 1237 3057 ln
1260 2984 1401 3057 unnim
1423 2983 1641 3079 corfiniitl'llel
1663 2982 1746 3063 Sedl
1826 2988 1827 2993 '
1874 2974 1875 2987 '

108 3120 118 3137 ·
290 3083 514 3219 ornabo·

767 3184 847 3364 s
947 3254 1086 3375 ss·

288 3406 293 3415 '
406 3474 410 3482 ,
436 3398 578 3477 Praestnt
600 3377 765 3491 uberius,
789 3398 875 3478 inde
893 3380 939 3473 ib
961 3400 1068 3473 initio
1083 3400 1176 3475 hanc
1190 3414 1390 3481 memoratu
1409 3398 1632 3498 dignillirnrn
1648 3400 1740 3479 fidei
1873 3388 1874 3410 ¹

289 3498 543 3601 professionem
564 3502 749 3594 percipere
772 3520 792 3569 a
809 3501 948 3589 loenne
963 3496 1360 3594 constantinopolitano
1375 3498 1573 3577 Patriarehe
1587 3502 1629 3575 ad
1642 3500 1736 3579 Hor·

287 3598 433 3677 mildam
449 3594 662 3672 Pontificem
676 3593 927 3669 transmissam:
948 3644 976 3685 ,‚
988 3593 1099 3669 Prirne
1115 3594 1204 3672 salus
1221 3596 1272 3671 est
1284 3597 1388 3673 reslae
1406 3596 1489 3673 fidei
1507 3607 1662 3700 regulam
1677 3608 1738 3679 cu-

288 3695 470 3793 „stodire‚
489 3697 523 3767 dr
542 3692 716 3768 rl’atrum
732 3695 925 3783 traditione
941 3688 1146 3768 nullatenus
1160 3693 1324 3785 deviare,
1341 3701 1422 3790 quia
1437 3719 1514 3774 non
1532 3700 1649 3794 potest
1661 3702 1739 3775 Do-
1872 3708 1873 3741 ³

287 3800 404 3892 „mini
422 3792 533 3869 nostri
550 3792 630 3889 Jesu
642 3791 769 3869 Christi
785 3794 1007 3887 praerernitri
1022 3792 1198 3868 sententia
1216 3788 1385 3871 dicentis:
1418 3798 1466 3871 Tu
1481 3822 1513 3872 es
1529 3801 1668 3891 Petru53
1689 3804 1737 3887 ὃ·

266 3900 411 3997 ’“,,[ιφω
425 3898 503 3968 lenc
519 3904 644 3969 Petrum
658 3890 814 3981 edificabo
829 3892 998 3987 Ecclefirm
1017 3916 1128 3968 menn.
1160 3890 1269 3985 Haee,
1290 3918 1368 3989 quse
1390 3894 1597 3988 dissiliunt,
1616 3920 1736 3976 rerum

288 3995 518 4093 ,3probentur
543 3996 756 4083 eventibus,
789 3993 870 4092 quir
895 3996 931 4067 in
955 3990 1048 4066 Sede
1067 3992 1262 4085 apostolica
1281 3997 1499 4071 inviolabilis
1521 3996 1657 4093 semper
1682 4020 1738 4073 ee·

170 4136 177 4149 «
290 4095 455 4191 „tholiee
471 4088 671 4165 custoditur
683 4090 838 4187 Religio.
875 4090 936 4166 De
948 4092 1017 4165 hac
1030 4094 1136 4189 igitur
1149 4090 1222 4169 fide
1238 4115 1311 4169 non
1329 4095 1457 4169 eadere
1474 4102 1682 4189 cupientes,
1701 4098 1738 4171 dr

286 4196 460 4289 „Petrum
476 4191 663 4284 sequentes
679 4191 716 4264 in
733 4194 900 4265 omnibus
920 4190 1114 4267 constituta
1131 4192 1467 4271 anathematizamus
1487 4214 1613 4270 omnes
1627 4196 1738 4271 bere·
1870 4242 1871 4247 Ν

289 4292 479 4387 ‚‚ser-.-
504 4291 737 4393 Quapropter
752 4290 939 4383 sequentes
953 4294 991 4367 in
1004 4293 1172 4365 omnibus
1185 4290 1313 4366 Sedens
1332 4292 1582 4386 apostolicam,
1600 4294 1633 4369 dr
1651 4316 1736 4385 pre·
1870 4360 1871 4369 l

289 4392 476 4487 „dicturus
488 4393 632 4479 omnin·
643 4410 721 4482 quat¹
732 4393 777 4462 ab
790 4390 861 4482 ipse
873 4391 1017 4463 decreta
1030 4390 1129 4478 sunt,
1143 4388 1177 4463 tr
1190 4402 1380 4485 propterea
1392 4392 1494 4488 spero
1506 4396 1544 4467 in
1559 4414 1736 4469 unaconr·

287 4492 493 4586 „munione
518 4490 729 4579 vobiscum,
753 4488 1195 4585 quarn'apoilolicasedes
1212 4489 1402 4583 predicat,
1419 4491 1671 4584 uicinorum,
1694 4496 1734 4570 in

289 4610 388 4685 „qua
403 4586 606 4685 estintegru
619 4589 823 4686 religionis,
840 4586 874 4661 dt
891 4588 1046 4683 perfeila
1059 4587 1231 4665 soliditas:
1251 4593 1505 4682 promittentes
1518 4594 1554 4664 in
1572 4590 1732 4685 sequenti

288 4706 484 4783 „tempore
500 4684 731 4778 sequestratos
748 4709 767 4760 a
782 4690 1039 4763 communione
1055 4686 1220 4764 Ecclesrae
1238 4690 1443 4780 catholice,
1463 4690 1497 4761 id
1515 4688 1585 4779 eil,
1608 4694 1644 4763 in
1659 4698 1735 4765 orn'·

287 4790 423 4878 „nibus
438 4807 514 4860 non
527 4786 792 4861 consentientes
806 4785 888 4859 Sedi
903 4786 1128 4882 apostolice,
1144 4810 1268 4865 eorum
1285 4790 1431 4863 nornine
1444 4791 1538 4862 inter
1550 4788 1643 4883 spere
1656 4796 1733 4865 nbn

286 4884 497 4983 „recitanda
510 4882 685 4981 mysteria.
699 4934 800 4983 -..·.·.
833 4883 931 4963 Huic
947 4908 1045 4965 vero
1053 4886 1260 4987 prosellioni
1274 4884 1452 4987 subscripsi
1466 4908 1546 4965 mea
1557 4888 1734 5067 133an

889 5020 893 5028 '
1163 5024 1169 5033 '
1301 5034 1306 5041 ’
1480 5076 1487 5093 ,
1541 5034 1569 5085 rr
1623 5006 1683 5081 0¹)
