3942 6134
301 1069 381 1163 ³78,
672 1120 674 1128 =
781 1083 1112 1130 amn-
1150 1108 1159 1134 ‚

140 1263 146 1278 ‘
249 1239 321 1312 rito
340 1233 606 1326 animadvertit·
633 1231 771 1314 donin.
791 1233 917 1314 Petrus
936 1239 1148 1330 Ballerinius
1170 1237 1247 1337 i),
1278 1233 1562 1322 conducitur
1590 1251 1706 1315 unum

164 1335 172 1364 '
247 1327 304 1432 jhs
326 1351 472 1432 poterat
491 1336 653 1426 admitti,
693 1335 790 1432 quod
812 1335 912 1414 &ab
932 1340 1087 1432 antiquis
1101 1344 1302 1432 ,probatum
1327 1341 1419 1430 suit,
1457 1338 1622 1415 nimirum
1643 1357 1707 1411 cn·

250 1435 466 1532 gnoscendi,
494 1437 527 1510 dt
543 1435 749 1530 judicandi,
775 1427 842 1532 an',
867 1439 900 1511 dr
918 1459 1003 1534 quaa
1021 1437 1149 1517 niceno
1166 1443 1325 1540 legitima
1343 1441 1472 1530 suerit,
1500 1449 1543 1516 ut
1559 1436 1632 1514 hoc
1649 1456 1709 1510 re

252 1537 374 1610 medlo
397 1557 503 1611 verus
521 1533 689 1625 Pontifex
710 1541 754 1612 ab
776 1541 944 1636 omnibus
964 1538 1235 1634 agnosceretur,
1269 1539 1477 1615 &intrusus
1495 1541 1707 1630 reprimere·

250 1651 339 1728 tur,
384 1631 483 1730 quod
510 1638 642 1710 nnllam
667 1633 922 1730 juiisdidiionis
946 1635 1218 1724 Authoritatem
1244 1637 1415 1716 Concilio
1445 1641 1483 1712 in
1506 1637 1707 1732 legitimum

253 1733 467 1810 Pontificem
499 1730 680 1809 vindicat:
720 1751 863 1812 tantum
888 1742 984 1816 enim
1009 1735 1061 1829 est
1087 1740 1293 1821 authentica
1316 1740 1399 1818 iasii
1427 1731 1598 1827 humani,
1637 1734 1710 1808 hoc

257 1827 328 1930 est,
356 1833 540 1910 eleiiionis
563 1833 771 1914 declaratio.
801 1906 808 1930 Ι

890 2013 1049 2131 ps.

393 2153 494 2256 ,eum
521 2159 684 2256 gallicani
708 2157 914 2239 Cardinales
944 2159 1111 2234 adversus
1131 2156 1271 2254 synodi
1298 2161 1608 2255 convocationem
1636 2152 1711 2228 sesa

257 2255 395 2352 semper
425 2258 691 2354 opposuissem,
727 2257 773 2334 de
800 2259 875 2334 aliis
904 2261 1055 2356 cogitari
1082 2258 1240 2341 debehat
1266 2258 1450 2335 remediis:
1486 2259 1571 2332 hinc
1601 2255 1708 2329 vario

259 2357 542 2435 consultationes
562 2362 599 2436 in
620 2363 863 2442 conventibus
885 2359 1076 2455 presertim
1098 2354 1278 2456 'gallicanis
1294 2359 1424 2433 hahita
1439 2357 1539 2448 sunt,
1577 2357 1615 2429 in
1684 2354 1710 2410 '-

256 2460 439 2550 busaliae,
465 2473 573 2550 atqua
589 2461 665 2534 alin
683 2463 751 2535 vim
767 2459 997 2534 exscindendi
1013 2457 1214 2536 Schismasrs
1236 2463 1255 2554 (
1265 2457 1420 2562 forsitan
1430 2473 1550 2532 aurem
1567 2475 1644 2530 non

257 2555 342 2652 rio)
373 2558 583 2652 propositaea
611 2558 669 2632 sed
687 2555 854 2636 incasssum
870 2577 1019 2646 ornnes,
1046 2558 1259 2651 usquedum
1282 2558 1520 2650 inquirendo,
1544 2551 1710 2648 &dispu-

259 2655 372 2730 tando
390 2657 427 2728 in
445 2659 563 2748 plures
579 2677 694 2732 annos
710 2679 765 2734 rer
783 2655 955 2749 distracta,
968 2672 1077 2748 atque
1093 2659 1185 2730 adeo
1202 2660 1371 2732 involuta
1387 2656 1497 2730 fuerit
1511 2647 1714 2748 implicatis·

114 2847 119 2856 x
260 2748 352 2830 limis
370 2753 450 2830 iasii
466 2753 541 2842 p&
548 2755 637 2847 juris
658 2753 951 2846 difficultatibus,
976 2771 1018 2830 ut
1032 2759 1150 2830 omnis
1166 2755 1244 2850 sper
1262 2756 1397 2832 sublata
1413 2751 1713 2834 videretucdeci·

211 2937 214 2942 .
260 2847 390 2944 dandi,
442 2853 577 2942 uisnam
598 2857 692 2930 inter
712 2855 804 2930 duos
825 2855 912 2930 essct
931 2857 1093 2952 legitime
1113 2854 1257 2932 elesius.
1307 2854 1433 2948 itaque
1451 2851 1634 2930 necesitas
1651 2869 1711 2925 co·

261 2952 334 3050 egit
354 2875 528 3028 nciiete
545 2953 607 3050 ipfi
627 2957 664 3028 in
684 2953 853 3032 concilio
873 2969 1099 3052 congregatae
1113 2956 1172 3049 jnr
1193 2954 1342 3030 asserere
1365 2956 1409 3029 ad
1430 2957 1556 3030 ambos
1575 2954 1712 3046 litigan-

183 3079 186 3084 ·
260 3065 317 3142 tes
347 3055 453 3128 etiarn
484 3074 547 3146 per
573 3055 785 3130 violentiam
816 3055 1084 3150 deponendos,
1126 3054 1150 3129 n
1180 3057 1355 3148 equitatis
1385 3059 1461 3130 vias
1488 3049 1710 3150 refugissent.

261 3147 346 3227 Hoc
365 3153 551 3242 consilium
572 3155 724 3248 prinlum
762 3177 781 3232 a
802 3158 983 3252 gallicanis
1004 3153 1223 3238 notioribus,
1244 3152 1439 3237 Parifiensrs
1456 3149 1712 3228 Univerhtatis

261 3251 483 3346 profestum,
510 3254 570 3346 qui
588 3276 618 3328 a.
633 3275 726 3353 1395
743 3259 794 3330 ob
809 3255 1001 3330 recusatam
1018 3276 1038 3348 a
1055 3253 1365 3344 BeneditlnXlll,
1393 3259 1450 3330 cui
1466 3254 1710 3338 adherebant,

261 3355 546 3428 renunciationis
586 3356 703 3444 viam,
728 3357 912 3446 somnium
953 3365 1043 3433 tunc
1079 3358 1277 3451 optimam,
1328 3355 1424 3428 inter
1461 3354 1575 3428 varias
1612 3369 1709 3444 qun·

261 3448 397 3528 stiones
440 3451 538 3532 hano
569 3452 704 3528 ostavo
745 3457 833 3530 loco
873 3453 1129 3549 discutiendam
1169 3453 1341 3547 posuere,
1379 3471 1488 3528 utrum
1516 3454 1609 3548 Papa
1630 3449 1711 3546 sui·
1824 3508 1828 3521 .

253 3551 392 3650 jlrirtur
428 3554 562 3654 Corellio
599 3552 738 3652 generali
765 3553 835 3650 suc
875 3559 1078 3630 undantis?
1141 3552 1198 3627 Ex
1229 3554 1305 3648 ipso
1339 3551 1541 3645 quaestionis
1576 3565 1710 3629 tenore

262 3654 332 3724 iarn
348 3649 570 3728 manifestum
585 3647 646 3744 fit,
663 3666 801 3728 tantum
814 3653 1002 3730 schismatis
1018 3656 1079 3728 illa
1090 3651 1271 3729 tristidima
1290 3651 1451 3748 epocha,
1464 3654 1525 3728 ubi
1537 3653 1575 3726 in
1588 3661 1709 3744 partes

263 3745 360 3824 scilia
370 3747 534 3829 Ecclesiae
544 3751 752 3828 obedientia
762 3753 835 3826 duo
847 3749 1296 3849 sueruntCapita,quorum
1311 3747 1358 3826 eo‘
1368 3752 1444 3847 ipso
1457 3754 1594 3828 nullum
1604 3765 1715 3844 agno-

263 3847 426 3924 scebatur
438 3851 657 3945 legitimum,
673 3869 787 3928 ortam
804 3849 904 3926 fuisse
917 3855 1149 3946 opinionem,
1166 3875 1243 3946 quae
1254 3849 1467 3949 Pontifices,
1480 3854 1552 3932 hoc
1561 3846 1612 3926 est
1623 3899 1637 3947 ,
1649 3843 1713 3922 du·

264 3950 390 4051 bins&
406 3951 798 4066 incertoshpthoritati
816 3950 982 4069 Ecclesia
998 3953 1174 4050 subjectos
1187 3951 1394 4042 decimavit.
1434 3997 1438 4004 ,

410 4273 656 4355 Nihilominus
671 4273 872 4355 Doiiorum
895 4277 1036 4370 plurimi
1056 4273 1433 4366 adhucdiss'euserant,
1454 4289 1575 4364 neque
1590 4266 1709 4344 statim
1754 4267 1761 4286 ⁴

266 4397 309 4454 ea
325 4376 453 4472 opinio
471 4391 613 4468 poteret
629 4377 867 4463 invalescere,
886 4373 946 4450 sed
962 4397 1020 4452 res
1037 4375 1269 4469 dilatarique
1286 4375 1330 4450 ad
1344 4393 1477 4452 annum
1495 4391 1612 4466 1409,
1632 4387 1709 4462 quo

266 4473 436 4570 Synodur
453 4473 534 4550 Pisis
548 4479 726 4552 celebrata
743 4475 804 4550 etl.
863 4471 924 4556 Nc
937 4491 1013 4551 tum
1029 4476 1173 4569 quidem
1185 4476 1256 4551 auli
1271 4475 1351 4551 sunt
1365 4471 1483 4547 Patres
1496 4486 1714 4561 quemquam
1782 4508 1786 4516 ·

266 4595 312 4652 cx
328 4573 471 4651 duobus
486 4575 791 4654 contendentibus
812 4573 872 4654 sua
886 4577 1001 4650 veluti
1018 4577 1082 4651 fibi
1095 4579 1241 4670 propria
1254 4575 1490 4648 Authoritate
1505 4570 1708 4664 deponere,

142 4692 148 4702 ⁸
260 4671 324 4768 sed
341 4671 523 4766 postquam
539 4678 720 4752 communi
736 4672 910 4750 sententia
919 4675 1147 4768 judicarunt,
1173 4695 1215 4749 ac
1231 4674 1457 4750 declararunt
1477 4669 1561 4746 NB.
1578 4671 1708 4751 allisa

267 4777 391 4863 lituis,
418 4773 542 4846 ambos
561 4775 634 4866 jam
658 4774 728 4852 esse
743 4773 820 4872 ipso
840 4776 920 4870 jure
939 4773 1134 4908 depositos:
1185 4773 1300 4894 Quod
1323 4771 1452 4851 Pisano
1474 4761 1710 4947 syngiit’oid

262 4967 430 4992 m·

345 5005 383 5080 ⁸)
406 5005 450 5064 De
467 5005 573 5070 retest.
591 5005 692 5070 eccles
710 4981 934 5112 Capffi
