<?xml version="1.0" encoding="UTF-8"?>
<!DOCTYPE html PUBLIC "-//W3C//DTD XHTML 1.0 Transitional//EN"
    "http://www.w3.org/TR/xhtml1/DTD/xhtml1-transitional.dtd">
<html xmlns="http://www.w3.org/1999/xhtml" xml:lang="en" lang="en">
 <head>
  <title>
</title>
<meta http-equiv="Content-Type" content="text/html;charset=utf-8" />
  <meta name='ocr-system' content='tesseract 3.04.00' />
  <meta name='ocr-capabilities' content='ocr_page ocr_carea ocr_par ocr_line ocrx_word'/>
</head>
<body>
  <div class='ocr_page' id='page_1' title='image "./quisestpetrusse00frgoog_0291.png"; bbox 0 0 3942 6134; ppageno 0'>
   <div class='ocr_carea' id='block_1_1' title="bbox 789 1097 1678 1187">
    <p class='ocr_par' dir='ltr' id='par_1_1' title="bbox 789 1097 1678 1187">
     <span class='ocr_line' id='line_1_1' title="bbox 789 1097 1678 1187; baseline -0.003 -18"><span class='ocrx_word' id='word_1_1' title='bbox 789 1097 1136 1167; x_wconf 54' lang='grc' dir='ltr'><strong>Μ’.</strong></span> <span class='ocrx_word' id='word_1_2' title='bbox 1178 1106 1187 1119; x_wconf 85' lang='grc'><em>”</em></span> <span class='ocrx_word' id='word_1_3' title='bbox 1565 1107 1638 1187; x_wconf 71' lang='lat'><strong>277</strong></span> <span class='ocrx_word' id='word_1_4' title='bbox 1674 1155 1678 1161; x_wconf 95' lang='lat'>.</span> 
     </span>
    </p>
   </div>
   <div class='ocr_carea' id='block_1_2' title="bbox 107 1254 1686 1366">
    <p class='ocr_par' dir='ltr' id='par_1_2' title="bbox 107 1254 1686 1366">
     <span class='ocr_line' id='line_1_2' title="bbox 107 1254 1686 1366; baseline -0.003 -18"><span class='ocrx_word' id='word_1_5' title='bbox 107 1317 108 1327; x_wconf 35' lang='lat' dir='ltr'><strong>t</strong></span> <span class='ocrx_word' id='word_1_6' title='bbox 237 1272 359 1366; x_wconf 83' lang='lat' dir='ltr'><strong>&#39;„piina</strong></span> <span class='ocrx_word' id='word_1_7' title='bbox 383 1254 451 1364; x_wconf 79' lang='lat' dir='ltr'><strong>per</strong></span> <span class='ocrx_word' id='word_1_8' title='bbox 473 1279 602 1342; x_wconf 77' lang='lat' dir='ltr'><strong>omnes</strong></span> <span class='ocrx_word' id='word_1_9' title='bbox 623 1259 1028 1364; x_wconf 73' lang='lat' dir='ltr'><strong>Eodenasttengtonte</strong></span> <span class='ocrx_word' id='word_1_10' title='bbox 1041 1268 1112 1360; x_wconf 79' lang='lat' dir='ltr'><strong>jau</strong></span> <span class='ocrx_word' id='word_1_11' title='bbox 1137 1265 1482 1346; x_wconf 64' lang='lat' dir='ltr'><strong>uertentemttun</strong></span> <span class='ocrx_word' id='word_1_12' title='bbox 1510 1273 1686 1364; x_wconf 65' lang='lat' dir='ltr'><strong>manavit,</strong></span> 
     </span>
    </p>
   </div>
   <div class='ocr_carea' id='block_1_3' title="bbox 107 1365 1682 1466">
    <p class='ocr_par' dir='ltr' id='par_1_3' title="bbox 107 1365 1682 1466">
     <span class='ocr_line' id='line_1_3' title="bbox 107 1365 1682 1466; baseline 0.001 -25"><span class='ocrx_word' id='word_1_13' title='bbox 107 1376 108 1441; x_wconf 76' lang='lat' dir='ltr'><strong>l</strong></span> <span class='ocrx_word' id='word_1_14' title='bbox 173 1450 177 1458; x_wconf 65' lang='grc'><em>,</em></span> <span class='ocrx_word' id='word_1_15' title='bbox 234 1365 670 1466; x_wconf 67' lang='lat' dir='ltr'><strong>„Nicone-Synodinou</strong></span> <span class='ocrx_word' id='word_1_16' title='bbox 684 1366 783 1440; x_wconf 88' lang='lat' dir='ltr'><strong>aliud</strong></span> <span class='ocrx_word' id='word_1_17' title='bbox 797 1383 974 1462; x_wconf 66' lang='lat' dir='ltr'><strong>praecepta</strong></span> <span class='ocrx_word' id='word_1_18' title='bbox 995 1367 1194 1460; x_wconf 81' lang='lat' dir='ltr'><strong>testantur,</strong></span> <span class='ocrx_word' id='word_1_19' title='bbox 1230 1367 1322 1454; x_wconf 79' lang='lat' dir='ltr'><strong>adeo</strong></span> <span class='ocrx_word' id='word_1_20' title='bbox 1337 1385 1378 1440; x_wconf 92' lang='lat' dir='ltr'><strong>ut</strong></span> <span class='ocrx_word' id='word_1_21' title='bbox 1395 1393 1469 1446; x_wconf 91' lang='lat' dir='ltr'><strong>non</strong></span> <span class='ocrx_word' id='word_1_22' title='bbox 1487 1370 1682 1463; x_wconf 62' lang='lat' dir='ltr'><strong>aliquidliu</strong></span> 
     </span>
    </p>
   </div>
   <div class='ocr_carea' id='block_1_4' title="bbox 107 1446 1682 1572">
    <p class='ocr_par' dir='ltr' id='par_1_4' title="bbox 107 1446 1682 1572">
     <span class='ocr_line' id='line_1_4' title="bbox 107 1446 1682 1572; baseline -0.004 -26"><span class='ocrx_word' id='word_1_23' title='bbox 107 1446 111 1561; x_wconf 67' lang='lat' dir='ltr'><strong>l</strong></span> <span class='ocrx_word' id='word_1_24' title='bbox 231 1491 323 1566; x_wconf 87' lang='lat' dir='ltr'><strong>„per</strong></span> <span class='ocrx_word' id='word_1_25' title='bbox 344 1491 428 1542; x_wconf 92' lang='lat' dir='ltr'><strong>eum</strong></span> <span class='ocrx_word' id='word_1_26' title='bbox 449 1463 851 1556; x_wconf 82' lang='lat' dir='ltr'><strong>auiafitconllituere,</strong></span> <span class='ocrx_word' id='word_1_27' title='bbox 895 1487 976 1539; x_wconf 88' lang='lat' dir='ltr'><strong>cum</strong></span> <span class='ocrx_word' id='word_1_28' title='bbox 1003 1467 1252 1572; x_wconf 30' lang='lat' dir='ltr'><strong>videretssnjlpil</strong></span> <span class='ocrx_word' id='word_1_29' title='bbox 1276 1469 1375 1560; x_wconf 82' lang='lat' dir='ltr'><strong>supra</strong></span> <span class='ocrx_word' id='word_1_30' title='bbox 1396 1473 1560 1546; x_wconf 89' lang='lat' dir='ltr'><strong>meritum</strong></span> <span class='ocrx_word' id='word_1_31' title='bbox 1582 1469 1682 1564; x_wconf 84' lang='lat' dir='ltr'><strong>suum</strong></span> 
     </span>
    </p>
   </div>
   <div class='ocr_carea' id='block_1_5' title="bbox 107 1564 1680 1664">
    <p class='ocr_par' dir='ltr' id='par_1_5' title="bbox 107 1564 1680 1664">
     <span class='ocr_line' id='line_1_5' title="bbox 107 1564 1680 1664; baseline 0 -23"><span class='ocrx_word' id='word_1_32' title='bbox 107 1564 108 1641; x_wconf 68' lang='lat'><em>3</em></span> <span class='ocrx_word' id='word_1_33' title='bbox 230 1567 358 1664; x_wconf 86' lang='lat' dir='ltr'><strong>„poll&#39;e</strong></span> <span class='ocrx_word' id='word_1_34' title='bbox 372 1567 549 1642; x_wconf 82' lang='lat' dir='ltr'><strong>conserti:</strong></span> <span class='ocrx_word' id='word_1_35' title='bbox 577 1568 697 1640; x_wconf 81' lang='lat' dir='ltr'><strong>Omnia</strong></span> <span class='ocrx_word' id='word_1_36' title='bbox 710 1569 838 1661; x_wconf 83' lang='lat' dir='ltr'><strong>denique</strong></span> <span class='ocrx_word' id='word_1_37' title='bbox 854 1572 925 1640; x_wconf 83' lang='lat' dir='ltr'><strong>huic</strong></span> <span class='ocrx_word' id='word_1_38' title='bbox 937 1585 1069 1639; x_wconf 82' lang='lat' dir='ltr'><strong>nouerat</strong></span> <span class='ocrx_word' id='word_1_39' title='bbox 1085 1568 1367 1662; x_wconf 76' lang='lat' dir='ltr'><strong>Dominisermone</strong></span> <span class='ocrx_word' id='word_1_40' title='bbox 1385 1567 1526 1663; x_wconf 80' lang='lat' dir='ltr'><strong>conceffir.</strong></span> <span class='ocrx_word' id='word_1_41' title='bbox 1576 1569 1608 1641; x_wconf 91' lang='lat' dir='ltr'><strong>H</strong></span> <span class='ocrx_word' id='word_1_42' title='bbox 1614 1589 1680 1641; x_wconf 89' lang='lat' dir='ltr'><strong>auc</strong></span> 
     </span>
    </p>
   </div>
   <div class='ocr_carea' id='block_1_6' title="bbox 229 1653 1679 1765">
    <p class='ocr_par' dir='ltr' id='par_1_6' title="bbox 229 1653 1679 1765">
     <span class='ocr_line' id='line_1_6' title="bbox 229 1653 1679 1765; baseline -0.001 -24"><span class='ocrx_word' id='word_1_43' title='bbox 229 1691 345 1765; x_wconf 85' lang='lat' dir='ltr'><strong>„ergo</strong></span> <span class='ocrx_word' id='word_1_44' title='bbox 367 1667 534 1742; x_wconf 66' lang='lat' dir='ltr'><strong>ecclesiis</strong></span> <span class='ocrx_word' id='word_1_45' title='bbox 554 1679 638 1738; x_wconf 92' lang='lat' dir='ltr'><strong>toto</strong></span> <span class='ocrx_word' id='word_1_46' title='bbox 665 1667 756 1736; x_wconf 87' lang='lat' dir='ltr'><strong>orbe</strong></span> <span class='ocrx_word' id='word_1_47' title='bbox 786 1664 919 1740; x_wconf 78' lang='lat' dir='ltr'><strong>diffusis</strong></span> <span class='ocrx_word' id='word_1_48' title='bbox 946 1653 1048 1736; x_wconf 72' lang='lat' dir='ltr'><strong>ve&#39;lut</strong></span> <span class='ocrx_word' id='word_1_49' title='bbox 1071 1683 1179 1758; x_wconf 85' lang='lat' dir='ltr'><strong>caput</strong></span> <span class='ocrx_word' id='word_1_50' title='bbox 1201 1659 1341 1740; x_wconf 86' lang='lat' dir='ltr'><strong>suorum</strong></span> <span class='ocrx_word' id='word_1_51' title='bbox 1365 1683 1501 1738; x_wconf 89' lang='lat' dir='ltr'><strong>certum</strong></span> <span class='ocrx_word' id='word_1_52' title='bbox 1531 1665 1579 1738; x_wconf 86' lang='lat' dir='ltr'><strong>est</strong></span> <span class='ocrx_word' id='word_1_53' title='bbox 1608 1667 1679 1740; x_wconf 89' lang='lat' dir='ltr'><strong>esse</strong></span> 
     </span>
    </p>
   </div>
   <div class='ocr_carea' id='block_1_7' title="bbox 224 1763 1775 1863">
    <p class='ocr_par' dir='ltr' id='par_1_7' title="bbox 224 1763 1775 1863">
     <span class='ocr_line' id='line_1_7' title="bbox 224 1763 1775 1863; baseline -0.005 -20"><span class='ocrx_word' id='word_1_54' title='bbox 224 1770 517 1863; x_wconf 61' lang='lat' dir='ltr'><strong>„membrorum</strong></span> <span class='ocrx_word' id='word_1_55' title='bbox 554 1780 662 1856; x_wconf 79' lang='lat' dir='ltr'><strong>aqua</strong></span> <span class='ocrx_word' id='word_1_56' title='bbox 681 1763 723 1842; x_wconf 79' lang='lat' dir='ltr'><strong>se,</strong></span> <span class='ocrx_word' id='word_1_57' title='bbox 736 1766 895 1856; x_wconf 79' lang='lat' dir='ltr'><strong>quisquis</strong></span> <span class='ocrx_word' id='word_1_58' title='bbox 918 1763 1084 1853; x_wconf 80' lang='lat' dir='ltr'>abscidit,</span> <span class='ocrx_word' id='word_1_59' title='bbox 1122 1763 1164 1844; x_wconf 81' lang='lat' dir='ltr'><strong>fit</strong></span> <span class='ocrx_word' id='word_1_60' title='bbox 1186 1765 1378 1856; x_wconf 63' lang='lat' dir='ltr'><strong>christiane</strong></span> <span class='ocrx_word' id='word_1_61' title='bbox 1399 1763 1596 1862; x_wconf 74' lang='lat' dir='ltr'><strong>Religionis</strong></span> <span class='ocrx_word' id='word_1_62' title='bbox 1619 1787 1678 1837; x_wconf 85' lang='lat' dir='ltr'><strong>ex·</strong></span> <span class='ocrx_word' id='word_1_63' title='bbox 1737 1767 1775 1820; x_wconf 85' lang='lat'><strong>-&#39;</strong></span> 
     </span>
    </p>
   </div>
   <div class='ocr_carea' id='block_1_8' title="bbox 223 1861 1677 2260">
    <p class='ocr_par' dir='ltr' id='par_1_8' title="bbox 223 1861 1677 2260">
     <span class='ocr_line' id='line_1_8' title="bbox 225 1861 1677 1961; baseline -0.004 -19"><span class='ocrx_word' id='word_1_64' title='bbox 225 1869 372 1961; x_wconf 70' lang='lat' dir='ltr'><strong>„torriu</strong></span> <span class='ocrx_word' id='word_1_65' title='bbox 389 1867 445 1932; x_wconf 68' lang='grc'><strong>’.-</strong></span> <span class='ocrx_word' id='word_1_66' title='bbox 491 1862 616 1944; x_wconf 84' lang='lat' dir='ltr'><strong>Audio</strong></span> <span class='ocrx_word' id='word_1_67' title='bbox 633 1861 891 1956; x_wconf 84' lang='lat' dir='ltr'><strong>Episcopocum</strong></span> <span class='ocrx_word' id='word_1_68' title='bbox 908 1861 1079 1953; x_wconf 85' lang='lat' dir='ltr'><strong>quosdam</strong></span> <span class='ocrx_word' id='word_1_69' title='bbox 1096 1863 1297 1958; x_wconf 87' lang='lat' dir='ltr'><strong>apostolico</strong></span> <span class='ocrx_word' id='word_1_70' title='bbox 1312 1865 1391 1956; x_wconf 90' lang='lat' dir='ltr'><strong>jure</strong></span> <span class='ocrx_word' id='word_1_71' title='bbox 1407 1879 1596 1940; x_wconf 88' lang='lat' dir='ltr'><strong>contemtu</strong></span> <span class='ocrx_word' id='word_1_72' title='bbox 1614 1883 1677 1936; x_wconf 78' lang='lat' dir='ltr'><strong>no</strong></span> 
     </span>
     <span class='ocr_line' id='line_1_9' title="bbox 228 1961 1675 2060; baseline 0 -22"><span class='ocrx_word' id='word_1_73' title='bbox 228 1989 341 2060; x_wconf 88' lang='lat' dir='ltr'><strong>„vum</strong></span> <span class='ocrx_word' id='word_1_74' title='bbox 366 1961 550 2058; x_wconf 75' lang='lat' dir='ltr'><strong>quidpiam</strong></span> <span class='ocrx_word' id='word_1_75' title='bbox 577 1975 705 2038; x_wconf 76' lang='lat' dir='ltr'><strong>concta</strong></span> <span class='ocrx_word' id='word_1_76' title='bbox 728 1961 854 2044; x_wconf 81' lang='lat' dir='ltr'><strong>Christi</strong></span> <span class='ocrx_word' id='word_1_77' title='bbox 880 1965 1028 2056; x_wconf 84' lang='lat' dir='ltr'><strong>proprie</strong></span> <span class='ocrx_word' id='word_1_78' title='bbox 1054 1980 1233 2058; x_wconf 76' lang='lat' dir='ltr'><strong>praecepta</strong></span> <span class='ocrx_word' id='word_1_79' title='bbox 1258 1977 1424 2052; x_wconf 80' lang='lat' dir='ltr'><strong>tentare,</strong></span> <span class='ocrx_word' id='word_1_80' title='bbox 1467 1984 1547 2038; x_wconf 89' lang='lat' dir='ltr'><strong>cum</strong></span> <span class='ocrx_word' id='word_1_81' title='bbox 1571 1963 1603 2042; x_wconf 87' lang='lat' dir='ltr'><strong>se</strong></span> <span class='ocrx_word' id='word_1_82' title='bbox 1630 1963 1675 2042; x_wconf 78' lang='lat' dir='ltr'><strong>ab</strong></span> 
     </span>
     <span class='ocr_line' id='line_1_10' title="bbox 223 2057 1676 2162; baseline -0.003 -22"><span class='ocrx_word' id='word_1_83' title='bbox 223 2063 457 2162; x_wconf 82' lang='lat' dir='ltr'><strong>„apostolica</strong></span> <span class='ocrx_word' id='word_1_84' title='bbox 477 2063 579 2138; x_wconf 82' lang='lat' dir='ltr'><strong>Sedis</strong></span> <span class='ocrx_word' id='word_1_85' title='bbox 598 2065 878 2150; x_wconf 84' lang='lat' dir='ltr'><strong>communione,</strong></span> <span class='ocrx_word' id='word_1_86' title='bbox 912 2063 946 2133; x_wconf 82' lang='lat' dir='ltr'><strong>dt</strong></span> <span class='ocrx_word' id='word_1_87' title='bbox 968 2076 1008 2134; x_wconf 90' lang='lat' dir='ltr'><strong>ut</strong></span> <span class='ocrx_word' id='word_1_88' title='bbox 1029 2057 1143 2139; x_wconf 89' lang='lat' dir='ltr'><strong>dicam</strong></span> <span class='ocrx_word' id='word_1_89' title='bbox 1170 2065 1311 2147; x_wconf 88' lang='lat' dir='ltr'><strong>verius,</strong></span> <span class='ocrx_word' id='word_1_90' title='bbox 1345 2060 1523 2154; x_wconf 86' lang='lat' dir='ltr'><strong>potestate</strong></span> <span class='ocrx_word' id='word_1_91' title='bbox 1544 2061 1676 2160; x_wconf 79' lang='lat' dir='ltr'><strong>separa·</strong></span> 
     </span>
     <span class='ocr_line' id='line_1_11' title="bbox 224 2159 1674 2260; baseline -0.003 -20"><span class='ocrx_word' id='word_1_92' title='bbox 224 2189 290 2260; x_wconf 87' lang='lat' dir='ltr'><strong>„re</strong></span> <span class='ocrx_word' id='word_1_93' title='bbox 305 2163 494 2253; x_wconf 81' lang='lat' dir='ltr'><strong>nituntur,</strong></span> <span class='ocrx_word' id='word_1_94' title='bbox 538 2181 663 2236; x_wconf 87' lang='lat' dir='ltr'><strong>eorum</strong></span> <span class='ocrx_word' id='word_1_95' title='bbox 685 2175 850 2251; x_wconf 75' lang='lat' dir='ltr'><strong>petentes</strong></span> <span class='ocrx_word' id='word_1_96' title='bbox 868 2162 1061 2252; x_wconf 79' lang='lat' dir='ltr'><strong>auxilium,</strong></span> <span class='ocrx_word' id='word_1_97' title='bbox 1100 2183 1191 2254; x_wconf 77' lang='lat' dir='ltr'><strong>quos</strong></span> <span class='ocrx_word' id='word_1_98' title='bbox 1211 2159 1519 2236; x_wconf 87' lang='lat' dir='ltr'><strong>eccleliasticarurn</strong></span> <span class='ocrx_word' id='word_1_99' title='bbox 1542 2161 1674 2240; x_wconf 73' lang='lat' dir='ltr'><strong>sanctio</strong></span> 
     </span>
    </p>
   </div>
   <div class='ocr_carea' id='block_1_9' title="bbox 224 2258 1773 2564">
    <p class='ocr_par' dir='ltr' id='par_1_9' title="bbox 224 2258 1773 2564">
     <span class='ocr_line' id='line_1_12' title="bbox 225 2258 1773 2361; baseline -0.003 -22"><span class='ocrx_word' id='word_1_100' title='bbox 225 2269 452 2361; x_wconf 86' lang='lat' dir='ltr'><strong>„regularum</strong></span> <span class='ocrx_word' id='word_1_101' title='bbox 476 2262 621 2353; x_wconf 82' lang='lat' dir='ltr'><strong>majoris</strong></span> <span class='ocrx_word' id='word_1_102' title='bbox 643 2259 713 2334; x_wconf 83' lang='lat' dir='ltr'><strong>effe</strong></span> <span class='ocrx_word' id='word_1_103' title='bbox 736 2282 811 2334; x_wconf 86' lang='lat' dir='ltr'><strong>uon</strong></span> <span class='ocrx_word' id='word_1_104' title='bbox 835 2260 936 2334; x_wconf 84' lang='lat' dir='ltr'>dedit</span> <span class='ocrx_word' id='word_1_105' title='bbox 956 2258 1154 2353; x_wconf 81' lang='lat' dir='ltr'><strong>potestatis.</strong></span> <span class='ocrx_word' id='word_1_106' title='bbox 1179 2311 1221 2332; x_wconf 65' lang='lat'><strong>.-</strong></span> <span class='ocrx_word' id='word_1_107' title='bbox 1270 2261 1355 2340; x_wconf 83' lang='lat' dir='ltr'><strong>NB.</strong></span> <span class='ocrx_word' id='word_1_108' title='bbox 1383 2261 1564 2358; x_wconf 86' lang='lat' dir='ltr'><strong>Quoniam</strong></span> <span class='ocrx_word' id='word_1_109' title='bbox 1587 2262 1672 2342; x_wconf 85' lang='lat' dir='ltr'><strong>ideo</strong></span> <span class='ocrx_word' id='word_1_110' title='bbox 1710 2346 1718 2354; x_wconf 40' lang='grc'><strong><em>,</em></strong></span> <span class='ocrx_word' id='word_1_111' title='bbox 1760 2327 1773 2342; x_wconf 76' lang='grc'><strong><em>,</em></strong></span> 
     </span>
     <span class='ocr_line' id='line_1_13' title="bbox 226 2357 1705 2456; baseline -0.005 -18"><span class='ocrx_word' id='word_1_112' title='bbox 226 2380 357 2456; x_wconf 80' lang='lat' dir='ltr'><strong>„tenet</strong></span> <span class='ocrx_word' id='word_1_113' title='bbox 379 2361 492 2438; x_wconf 80' lang='lat' dir='ltr'>Sedes</span> <span class='ocrx_word' id='word_1_114' title='bbox 516 2359 712 2454; x_wconf 83' lang='lat' dir='ltr'><strong>apostolica</strong></span> <span class='ocrx_word' id='word_1_115' title='bbox 736 2357 990 2452; x_wconf 69' lang='lat' dir='ltr'><strong>principatum,</strong></span> <span class='ocrx_word' id='word_1_116' title='bbox 1014 2375 1056 2445; x_wconf 81' lang='lat' dir='ltr'><strong>ut</strong></span> <span class='ocrx_word' id='word_1_117' title='bbox 1080 2363 1241 2450; x_wconf 84' lang='lat' dir='ltr'>querelas</span> <span class='ocrx_word' id='word_1_118' title='bbox 1267 2360 1426 2433; x_wconf 89' lang='lat' dir='ltr'><strong>omnium</strong></span> <span class='ocrx_word' id='word_1_119' title='bbox 1449 2362 1601 2436; x_wconf 82' lang='lat' dir='ltr'><strong>licenter</strong></span> <span class='ocrx_word' id='word_1_120' title='bbox 1622 2382 1677 2435; x_wconf 82' lang='lat' dir='ltr'><strong>ac·</strong></span> <span class='ocrx_word' id='word_1_121' title='bbox 1701 2419 1705 2431; x_wconf 90' lang='grc'><em>,</em></span> 
     </span>
     <span class='ocr_line' id='line_1_14' title="bbox 224 2457 1733 2564; baseline -0.004 -26"><span class='ocrx_word' id='word_1_122' title='bbox 224 2477 409 2559; x_wconf 69' lang='lat' dir='ltr'><strong>„cepteta</strong></span> <span class='ocrx_word' id='word_1_123' title='bbox 450 2460 669 2553; x_wconf 81' lang='lat' dir='ltr'><strong>interpellari</strong></span> <span class='ocrx_word' id='word_1_124' title='bbox 686 2479 756 2532; x_wconf 85' lang='lat' dir='ltr'><strong>uos</strong></span> <span class='ocrx_word' id='word_1_125' title='bbox 773 2457 877 2553; x_wconf 86' lang='lat' dir='ltr'><strong>super</strong></span> <span class='ocrx_word' id='word_1_126' title='bbox 893 2459 965 2532; x_wconf 89' lang='lat' dir='ltr'><strong>hoc</strong></span> <span class='ocrx_word' id='word_1_127' title='bbox 981 2457 1077 2532; x_wconf 79' lang='lat' dir='ltr'><strong>milia</strong></span> <span class='ocrx_word' id='word_1_128' title='bbox 1092 2461 1274 2564; x_wconf 80' lang='lat' dir='ltr'><strong>legatione</strong></span> <span class='ocrx_word' id='word_1_129' title='bbox 1292 2473 1538 2552; x_wconf 79' lang='lat' dir='ltr'><strong>convenerat,</strong></span> <span class='ocrx_word' id='word_1_130' title='bbox 1580 2479 1672 2554; x_wconf 80' lang='lat' dir='ltr'><strong>quoa</strong></span> <span class='ocrx_word' id='word_1_131' title='bbox 1730 2463 1733 2470; x_wconf 84' lang='lat'>&#39;</span> 
     </span>
    </p>
   </div>
   <div class='ocr_carea' id='block_1_10' title="bbox 170 2558 1046 2658">
    <p class='ocr_par' dir='ltr' id='par_1_10' title="bbox 170 2558 1046 2658">
     <span class='ocr_line' id='line_1_15' title="bbox 170 2558 1046 2658; baseline 0.03 -45"><span class='ocrx_word' id='word_1_132' title='bbox 170 2610 172 2613; x_wconf 85' lang='grc'>,</span> <span class='ocrx_word' id='word_1_133' title='bbox 225 2583 378 2658; x_wconf 66' lang='lat' dir='ltr'><strong>„curam</strong></span> <span class='ocrx_word' id='word_1_134' title='bbox 395 2562 559 2638; x_wconf 85' lang='lat' dir='ltr'><strong>omnium</strong></span> <span class='ocrx_word' id='word_1_135' title='bbox 575 2578 694 2638; x_wconf 86' lang='lat' dir='ltr'><strong>rerum</strong></span> <span class='ocrx_word' id='word_1_136' title='bbox 714 2578 861 2639; x_wconf 83' lang='lat' dir='ltr'><strong>manere</strong></span> <span class='ocrx_word' id='word_1_137' title='bbox 882 2558 1046 2639; x_wconf 77' lang='lat' dir='ltr'><strong>videatis.</strong></span> 
     </span>
    </p>
   </div>
   <div class='ocr_carea' id='block_1_11' title="bbox 896 2735 1005 2854">
    <p class='ocr_par' dir='ltr' id='par_1_11' title="bbox 896 2735 1005 2854">
     <span class='ocr_line' id='line_1_16' title="bbox 896 2735 1005 2854; baseline -0.092 0"><span class='ocrx_word' id='word_1_138' title='bbox 896 2735 1005 2854; x_wconf 73' lang='lat' dir='ltr'><strong>it</strong></span> 
     </span>
    </p>
   </div>
   <div class='ocr_carea' id='block_1_12' title="bbox 218 2876 1671 3083">
    <p class='ocr_par' dir='ltr' id='par_1_12' title="bbox 218 2876 1671 3083">
     <span class='ocr_line' id='line_1_17' title="bbox 362 2876 1671 2982; baseline -0.005 -21"><span class='ocrx_word' id='word_1_139' title='bbox 362 2885 549 2982; x_wconf 80' lang='lat' dir='ltr'><strong>Agapetua</strong></span> <span class='ocrx_word' id='word_1_140' title='bbox 566 2880 604 2956; x_wconf 84' lang='grc' dir='ltr'><strong>Ρ.</strong></span> <span class='ocrx_word' id='word_1_141' title='bbox 631 2882 734 2959; x_wconf 84' lang='lat' dir='ltr'><strong>sexto</strong></span> <span class='ocrx_word' id='word_1_142' title='bbox 757 2881 891 2959; x_wconf 78' lang='lat' dir='ltr'><strong>secuto</strong></span> <span class='ocrx_word' id='word_1_143' title='bbox 918 2883 963 2956; x_wconf 89' lang='lat' dir='ltr'><strong>ad</strong></span> <span class='ocrx_word' id='word_1_144' title='bbox 988 2881 1219 2976; x_wconf 83' lang='lat' dir='ltr'><strong>Jutlinianutn</strong></span> <span class='ocrx_word' id='word_1_145' title='bbox 1243 2879 1499 2976; x_wconf 74' lang='lat' dir='ltr'><strong>Imperatorem</strong></span> <span class='ocrx_word' id='word_1_146' title='bbox 1524 2877 1571 2954; x_wconf 89' lang='lat' dir='ltr'><strong>de</strong></span> <span class='ocrx_word' id='word_1_147' title='bbox 1591 2876 1671 2954; x_wconf 86' lang='lat' dir='ltr'><strong>Ste-</strong></span> 
     </span>
     <span class='ocr_line' id='line_1_18' title="bbox 218 2981 1670 3083; baseline -0.012 -22"><span class='ocrx_word' id='word_1_148' title='bbox 218 2983 325 3083; x_wconf 83' lang='lat' dir='ltr'><strong>phani</strong></span> <span class='ocrx_word' id='word_1_149' title='bbox 344 2984 498 3060; x_wconf 80' lang='lat' dir='ltr'><strong>Larilsaei</strong></span> <span class='ocrx_word' id='word_1_150' title='bbox 520 2981 635 3057; x_wconf 70' lang='lat' dir='ltr'><strong>caussa</strong></span> <span class='ocrx_word' id='word_1_151' title='bbox 653 3004 761 3081; x_wconf 81' lang='lat' dir='ltr'><strong>agens</strong></span> <span class='ocrx_word' id='word_1_152' title='bbox 780 2987 830 3056; x_wconf 88' lang='lat' dir='ltr'><strong>ita</strong></span> <span class='ocrx_word' id='word_1_153' title='bbox 850 2981 982 3077; x_wconf 84' lang='lat' dir='ltr'><strong>scripsit</strong></span> <span class='ocrx_word' id='word_1_154' title='bbox 1001 2985 1064 3077; x_wconf 78' lang='lat'><strong>*):</strong></span> <span class='ocrx_word' id='word_1_155' title='bbox 1096 2985 1230 3073; x_wconf 81' lang='lat' dir='ltr'><strong>„Absit</strong></span> <span class='ocrx_word' id='word_1_156' title='bbox 1247 3003 1266 3056; x_wconf 82' lang='lat' dir='ltr'><strong>t</strong></span> <span class='ocrx_word' id='word_1_157' title='bbox 1283 2984 1526 3074; x_wconf 82' lang='lat' dir='ltr'><strong>quorumlibet</strong></span> <span class='ocrx_word' id='word_1_158' title='bbox 1541 2981 1670 3053; x_wconf 88' lang='lat' dir='ltr'><strong>menti.</strong></span> 
     </span>
    </p>
   </div>
   <div class='ocr_carea' id='block_1_13' title="bbox 214 3072 1754 3181">
    <p class='ocr_par' dir='ltr' id='par_1_13' title="bbox 214 3072 1754 3181">
     <span class='ocr_line' id='line_1_19' title="bbox 214 3072 1754 3181; baseline -0.007 -21"><span class='ocrx_word' id='word_1_159' title='bbox 214 3090 315 3181; x_wconf 63' lang='lat' dir='ltr'><strong>„bus</strong></span> <span class='ocrx_word' id='word_1_160' title='bbox 333 3084 550 3168; x_wconf 78' lang='lat' dir='ltr'><strong>christiania,</strong></span> <span class='ocrx_word' id='word_1_161' title='bbox 575 3084 667 3156; x_wconf 92' lang='lat' dir='ltr'><strong>utin</strong></span> <span class='ocrx_word' id='word_1_162' title='bbox 683 3102 908 3175; x_wconf 85' lang='lat' dir='ltr'><strong>quacumque</strong></span> <span class='ocrx_word' id='word_1_163' title='bbox 929 3083 1079 3176; x_wconf 87' lang='lat' dir='ltr'><strong>persona</strong></span> <span class='ocrx_word' id='word_1_164' title='bbox 1096 3101 1157 3157; x_wconf 87' lang='lat' dir='ltr'><strong>aut</strong></span> <span class='ocrx_word' id='word_1_165' title='bbox 1175 3083 1419 3158; x_wconf 82' lang='lat' dir='ltr'><strong>innocentiam</strong></span> <span class='ocrx_word' id='word_1_166' title='bbox 1442 3082 1668 3174; x_wconf 80' lang='lat' dir='ltr'><strong>redarguant,</strong></span> <span class='ocrx_word' id='word_1_167' title='bbox 1748 3072 1754 3161; x_wconf 54' lang='grc' dir='ltr'>ᾗ</span> 
     </span>
    </p>
   </div>
   <div class='ocr_carea' id='block_1_14' title="bbox 214 3178 1669 3772">
    <p class='ocr_par' dir='ltr' id='par_1_14' title="bbox 214 3178 1669 3772">
     <span class='ocr_line' id='line_1_20' title="bbox 219 3178 1667 3278; baseline -0.002 -23"><span class='ocrx_word' id='word_1_168' title='bbox 219 3187 467 3276; x_wconf 63' lang='lat' dir='ltr'><strong>„autscrimen</strong></span> <span class='ocrx_word' id='word_1_169' title='bbox 488 3181 696 3268; x_wconf 86' lang='lat' dir='ltr'><strong>absolvant,</strong></span> <span class='ocrx_word' id='word_1_170' title='bbox 729 3182 788 3254; x_wconf 88' lang='lat' dir='ltr'><strong>sed</strong></span> <span class='ocrx_word' id='word_1_171' title='bbox 810 3180 994 3269; x_wconf 84' lang='lat' dir='ltr'><strong>uniuersa,</strong></span> <span class='ocrx_word' id='word_1_172' title='bbox 1027 3203 1107 3274; x_wconf 77' lang='lat' dir='ltr'><strong>qum</strong></span> <span class='ocrx_word' id='word_1_173' title='bbox 1124 3181 1330 3278; x_wconf 71' lang='lat' dir='ltr'><strong>apostolice</strong></span> <span class='ocrx_word' id='word_1_174' title='bbox 1346 3181 1446 3254; x_wconf 88' lang='lat' dir='ltr'><strong>Sedis</strong></span> <span class='ocrx_word' id='word_1_175' title='bbox 1466 3201 1580 3272; x_wconf 85' lang='lat' dir='ltr'><strong>nuper</strong></span> <span class='ocrx_word' id='word_1_176' title='bbox 1599 3178 1667 3252; x_wconf 88' lang='lat' dir='ltr'><strong>hac</strong></span> 
     </span>
     <span class='ocr_line' id='line_1_21' title="bbox 214 3276 1667 3378; baseline -0.003 -24"><span class='ocrx_word' id='word_1_177' title='bbox 214 3283 334 3378; x_wconf 77' lang='lat' dir='ltr'><strong>„sunt</strong></span> <span class='ocrx_word' id='word_1_178' title='bbox 346 3291 447 3373; x_wconf 86' lang='lat' dir='ltr'><strong>parte</strong></span> <span class='ocrx_word' id='word_1_179' title='bbox 460 3277 644 3375; x_wconf 79' lang='lat' dir='ltr'><strong>disposita,</strong></span> <span class='ocrx_word' id='word_1_180' title='bbox 677 3282 743 3352; x_wconf 87' lang='lat' dir='ltr'><strong>illo</strong></span> <span class='ocrx_word' id='word_1_181' title='bbox 762 3276 899 3371; x_wconf 84' lang='lat' dir='ltr'><strong>semper</strong></span> <span class='ocrx_word' id='word_1_182' title='bbox 919 3279 1037 3352; x_wconf 90' lang='lat' dir='ltr'><strong>studio</strong></span> <span class='ocrx_word' id='word_1_183' title='bbox 1056 3297 1314 3370; x_wconf 83' lang='lat' dir='ltr'><strong>manaverunt,</strong></span> <span class='ocrx_word' id='word_1_184' title='bbox 1356 3301 1433 3374; x_wconf 85' lang='lat' dir='ltr'><strong>quae</strong></span> <span class='ocrx_word' id='word_1_185' title='bbox 1451 3277 1667 3372; x_wconf 81' lang='lat' dir='ltr'><strong>Principctui</strong></span> 
     </span>
     <span class='ocr_line' id='line_1_22' title="bbox 216 3373 1665 3476; baseline -0.003 -23"><span class='ocrx_word' id='word_1_186' title='bbox 216 3381 285 3476; x_wconf 87' lang='lat' dir='ltr'><strong>,‚B.</strong></span> <span class='ocrx_word' id='word_1_187' title='bbox 299 3373 395 3476; x_wconf 80' lang='lat' dir='ltr'><strong>Petri</strong></span> <span class='ocrx_word' id='word_1_188' title='bbox 412 3395 481 3450; x_wconf 80' lang='lat' dir='ltr'><strong>vot</strong></span> <span class='ocrx_word' id='word_1_189' title='bbox 501 3396 646 3468; x_wconf 86' lang='lat' dir='ltr'><strong>quoque</strong></span> <span class='ocrx_word' id='word_1_190' title='bbox 664 3379 794 3471; x_wconf 79' lang='lat' dir='ltr'><strong>cupitis</strong></span> <span class='ocrx_word' id='word_1_191' title='bbox 807 3397 874 3470; x_wconf 86' lang='lat' dir='ltr'><strong>pet</strong></span> <span class='ocrx_word' id='word_1_192' title='bbox 888 3379 1010 3451; x_wconf 89' lang='lat' dir='ltr'><strong>omnia</strong></span> <span class='ocrx_word' id='word_1_193' title='bbox 1028 3380 1219 3469; x_wconf 82' lang='lat' dir='ltr'><strong>reservari,</strong></span> <span class='ocrx_word' id='word_1_194' title='bbox 1243 3381 1440 3455; x_wconf 87' lang='lat' dir='ltr'><strong>scilicetne</strong></span> <span class='ocrx_word' id='word_1_195' title='bbox 1457 3381 1494 3454; x_wconf 88' lang='lat' dir='ltr'><strong>in</strong></span> <span class='ocrx_word' id='word_1_196' title='bbox 1511 3378 1585 3467; x_wconf 84' lang='lat' dir='ltr'><strong>his,</strong></span> <span class='ocrx_word' id='word_1_197' title='bbox 1609 3381 1665 3472; x_wconf 84' lang='lat' dir='ltr'><strong>qui</strong></span> 
     </span>
     <span class='ocr_line' id='line_1_23' title="bbox 216 3477 1666 3576; baseline -0.003 -22"><span class='ocrx_word' id='word_1_198' title='bbox 216 3481 336 3575; x_wconf 80' lang='lat' dir='ltr'><strong>„Sedis</strong></span> <span class='ocrx_word' id='word_1_199' title='bbox 354 3480 422 3574; x_wconf 71' lang='lat' dir='ltr'><strong>p&#39;ut</strong></span> <span class='ocrx_word' id='word_1_200' title='bbox 439 3481 631 3550; x_wconf 63' lang='lat' dir='ltr'><strong>uuduntiam</strong></span> <span class='ocrx_word' id='word_1_201' title='bbox 647 3477 862 3576; x_wconf 68' lang='lat' dir='ltr'><strong>pullulassent,</strong></span> <span class='ocrx_word' id='word_1_202' title='bbox 876 3479 1073 3575; x_wconf 64' lang='lat' dir='ltr'><strong>spreta‘cjur</strong></span> <span class='ocrx_word' id='word_1_203' title='bbox 1091 3489 1267 3556; x_wconf 71' lang='lat' dir='ltr'><strong>renuentia</strong></span> <span class='ocrx_word' id='word_1_204' title='bbox 1285 3485 1415 3554; x_wconf 70' lang='lat' dir='ltr'><strong>alerius</strong></span> <span class='ocrx_word' id='word_1_205' title='bbox 1424 3481 1580 3572; x_wconf 82' lang='lat' dir='ltr'><strong>sententia</strong></span> <span class='ocrx_word' id='word_1_206' title='bbox 1593 3493 1666 3574; x_wconf 81' lang='lat' dir='ltr'><strong>prt-</strong></span> 
     </span>
     <span class='ocr_line' id='line_1_24' title="bbox 215 3575 1669 3674; baseline -0.004 -20"><span class='ocrx_word' id='word_1_207' title='bbox 215 3583 410 3674; x_wconf 83' lang='lat' dir='ltr'><strong>„ueniret.“</strong></span> <span class='ocrx_word' id='word_1_208' title='bbox 458 3577 614 3672; x_wconf 77' lang='lat' dir='ltr'><strong>vigilius</strong></span> <span class='ocrx_word' id='word_1_209' title='bbox 631 3575 723 3670; x_wconf 81' lang='lat' dir='ltr'><strong>Papa</strong></span> <span class='ocrx_word' id='word_1_210' title='bbox 742 3579 785 3650; x_wconf 88' lang='lat' dir='ltr'><strong>ad</strong></span> <span class='ocrx_word' id='word_1_211' title='bbox 804 3575 988 3651; x_wconf 82' lang='lat' dir='ltr'><strong>Euterium</strong></span> <span class='ocrx_word' id='word_1_212' title='bbox 1009 3579 1085 3650; x_wconf 73' lang='lat' dir='ltr'><strong>hec</strong></span> <span class='ocrx_word' id='word_1_213' title='bbox 1102 3579 1241 3656; x_wconf 85' lang='lat' dir='ltr'><strong>scribit:</strong></span> <span class='ocrx_word' id='word_1_214' title='bbox 1277 3579 1415 3668; x_wconf 75' lang='lat' dir='ltr'><strong>„Unde</strong></span> <span class='ocrx_word' id='word_1_215' title='bbox 1431 3581 1590 3652; x_wconf 90' lang='lat' dir='ltr'><strong>omnium</strong></span> <span class='ocrx_word' id='word_1_216' title='bbox 1610 3597 1669 3670; x_wconf 88' lang='lat' dir='ltr'><strong>ap·</strong></span> 
     </span>
     <span class='ocr_line' id='line_1_25' title="bbox 215 3673 1666 3772; baseline -0.002 -20"><span class='ocrx_word' id='word_1_217' title='bbox 215 3678 453 3772; x_wconf 74' lang='lat' dir='ltr'><strong>„pellentium</strong></span> <span class='ocrx_word' id='word_1_218' title='bbox 475 3674 706 3770; x_wconf 82' lang='lat' dir='ltr'><strong>apostolicam</strong></span> <span class='ocrx_word' id='word_1_219' title='bbox 723 3675 852 3750; x_wconf 81' lang='lat' dir='ltr'><strong>Sedent</strong></span> <span class='ocrx_word' id='word_1_220' title='bbox 870 3673 1131 3770; x_wconf 82' lang='lat' dir='ltr'><strong>Episcoporum</strong></span> <span class='ocrx_word' id='word_1_221' title='bbox 1148 3679 1299 3769; x_wconf 82' lang='lat' dir='ltr'><strong>judicia,</strong></span> <span class='ocrx_word' id='word_1_222' title='bbox 1327 3680 1359 3751; x_wconf 83' lang='lat' dir='ltr'><strong>dt</strong></span> <span class='ocrx_word' id='word_1_223' title='bbox 1377 3677 1579 3750; x_wconf 72' lang='lat' dir='ltr'><strong>eunitarum</strong></span> <span class='ocrx_word' id='word_1_224' title='bbox 1596 3697 1666 3750; x_wconf 90' lang='lat' dir='ltr'><strong>ma·</strong></span> 
     </span>
    </p>
   </div>
   <div class='ocr_carea' id='block_1_15' title="bbox 216 3775 1867 3878">
    <p class='ocr_par' dir='ltr' id='par_1_15' title="bbox 216 3775 1867 3878">
     <span class='ocr_line' id='line_1_26' title="bbox 216 3775 1867 3878; baseline -0.007 -26"><span class='ocrx_word' id='word_1_225' title='bbox 216 3783 359 3873; x_wconf 59' lang='lat' dir='ltr'><strong>‚iorum</strong></span> <span class='ocrx_word' id='word_1_226' title='bbox 386 3779 534 3871; x_wconf 85' lang='lat' dir='ltr'><strong>negotia</strong></span> <span class='ocrx_word' id='word_1_227' title='bbox 554 3776 747 3850; x_wconf 77' lang='lat' dir='ltr'><strong>caussarum</strong></span> <span class='ocrx_word' id='word_1_228' title='bbox 777 3775 894 3848; x_wconf 87' lang='lat' dir='ltr'><strong>eidem</strong></span> <span class='ocrx_word' id='word_1_229' title='bbox 920 3777 1044 3850; x_wconf 79' lang='lat' dir='ltr'><strong>santlae</strong></span> <span class='ocrx_word' id='word_1_230' title='bbox 1063 3777 1146 3850; x_wconf 83' lang='lat' dir='ltr'><strong>Sedi</strong></span> <span class='ocrx_word' id='word_1_231' title='bbox 1174 3777 1351 3852; x_wconf 85' lang='lat' dir='ltr'><strong>reservate</strong></span> <span class='ocrx_word' id='word_1_232' title='bbox 1377 3775 1446 3849; x_wconf 83' lang='lat' dir='ltr'><strong>elie</strong></span> <span class='ocrx_word' id='word_1_233' title='bbox 1474 3779 1598 3869; x_wconf 62' lang='lat' dir='ltr'><strong>liquet</strong></span> <span class='ocrx_word' id='word_1_234' title='bbox 1620 3823 1663 3840; x_wconf 88' lang='grc'><strong>.-</strong></span> <span class='ocrx_word' id='word_1_235' title='bbox 1753 3807 1757 3818; x_wconf 76' lang='lat'><em>,</em></span> <span class='ocrx_word' id='word_1_236' title='bbox 1866 3871 1867 3878; x_wconf 11' lang='grc' dir='ltr'><strong><em>Ν</em></strong></span> 
     </span>
    </p>
   </div>
   <div class='ocr_carea' id='block_1_16' title="bbox 214 3873 1664 4169">
    <p class='ocr_par' dir='ltr' id='par_1_16' title="bbox 214 3873 1664 4169">
     <span class='ocr_line' id='line_1_27' title="bbox 216 3873 1663 3971; baseline -0.003 -21"><span class='ocrx_word' id='word_1_237' title='bbox 216 3880 354 3971; x_wconf 83' lang='lat' dir='ltr'><strong>„Cujus</strong></span> <span class='ocrx_word' id='word_1_238' title='bbox 372 3877 526 3962; x_wconf 78' lang='lat' dir='ltr'><strong>tramiti,</strong></span> <span class='ocrx_word' id='word_1_239' title='bbox 562 3876 587 3947; x_wconf 80' lang='lat' dir='ltr'><strong>st</strong></span> <span class='ocrx_word' id='word_1_240' title='bbox 607 3878 854 3966; x_wconf 81' lang='lat' dir='ltr'><strong>quia&#39;obuiare</strong></span> <span class='ocrx_word' id='word_1_241' title='bbox 872 3879 1070 3948; x_wconf 86' lang='lat' dir='ltr'><strong>tentaverit</strong></span> <span class='ocrx_word' id='word_1_242' title='bbox 1090 3876 1346 3968; x_wconf 80' lang='lat' dir='ltr'><strong>Sacerdotem,</strong></span> <span class='ocrx_word' id='word_1_243' title='bbox 1386 3873 1515 3950; x_wconf 78' lang='lat' dir='ltr'><strong>caussae</strong></span> <span class='ocrx_word' id='word_1_244' title='bbox 1533 3874 1663 3949; x_wconf 87' lang='lat' dir='ltr'><strong>senon</strong></span> 
     </span>
     <span class='ocr_line' id='line_1_28' title="bbox 215 3973 1664 4070; baseline -0.007 -18"><span class='ocrx_word' id='word_1_245' title='bbox 215 3978 311 4070; x_wconf 85' lang='lat' dir='ltr'><strong>„stne</strong></span> <span class='ocrx_word' id='word_1_246' title='bbox 332 3975 484 4049; x_wconf 85' lang='lat' dir='ltr'><strong>honoria</strong></span> <span class='ocrx_word' id='word_1_247' title='bbox 504 3973 554 4046; x_wconf 90' lang='lat' dir='ltr'><strong>sui</strong></span> <span class='ocrx_word' id='word_1_248' title='bbox 579 3975 741 4066; x_wconf 86' lang='lat' dir='ltr'><strong>periculo</strong></span> <span class='ocrx_word' id='word_1_249' title='bbox 763 3973 859 4065; x_wconf 87' lang='lat' dir='ltr'><strong>apud</strong></span> <span class='ocrx_word' id='word_1_250' title='bbox 878 3975 1041 4050; x_wconf 86' lang='lat' dir='ltr'><strong>eamdem</strong></span> <span class='ocrx_word' id='word_1_251' title='bbox 1062 3975 1190 4048; x_wconf 86' lang='lat' dir='ltr'><strong>Sedem</strong></span> <span class='ocrx_word' id='word_1_252' title='bbox 1216 3975 1362 4050; x_wconf 76' lang='lat' dir='ltr'><strong>santiam</strong></span> <span class='ocrx_word' id='word_1_253' title='bbox 1384 3979 1531 4050; x_wconf 86' lang='lat' dir='ltr'><strong>noverit</strong></span> <span class='ocrx_word' id='word_1_254' title='bbox 1549 3973 1664 4070; x_wconf 84' lang='lat' dir='ltr'><strong>reddi·</strong></span> 
     </span>
     <span class='ocr_line' id='line_1_29' title="bbox 214 4069 1661 4169; baseline -0.006 -19"><span class='ocrx_word' id='word_1_255' title='bbox 214 4078 405 4169; x_wconf 83' lang='lat' dir='ltr'><strong>‚‚turum.“</strong></span> <span class='ocrx_word' id='word_1_256' title='bbox 453 4072 545 4146; x_wconf 87' lang='lat' dir='ltr'><strong>Curn</strong></span> <span class='ocrx_word' id='word_1_257' title='bbox 568 4071 721 4165; x_wconf 89' lang='lat' dir='ltr'><strong>septimo</strong></span> <span class='ocrx_word' id='word_1_258' title='bbox 739 4071 870 4150; x_wconf 83' lang='lat' dir='ltr'><strong>Seculo</strong></span> <span class='ocrx_word' id='word_1_259' title='bbox 888 4074 1077 4146; x_wconf 84' lang='lat' dir='ltr'><strong>Wilfridua</strong></span> <span class='ocrx_word' id='word_1_260' title='bbox 1096 4073 1329 4150; x_wconf 77' lang='lat' dir='ltr'><strong>Eboracensrs</strong></span> <span class='ocrx_word' id='word_1_261' title='bbox 1347 4075 1440 4148; x_wconf 87' lang='lat' dir='ltr'><strong>Sede</strong></span> <span class='ocrx_word' id='word_1_262' title='bbox 1463 4076 1521 4148; x_wconf 88' lang='lat' dir='ltr'><strong>sua</strong></span> <span class='ocrx_word' id='word_1_263' title='bbox 1542 4069 1661 4167; x_wconf 80' lang='lat' dir='ltr'><strong>pulsus</strong></span> 
     </span>
    </p>
   </div>
   <div class='ocr_carea' id='block_1_17' title="bbox 213 4167 1723 4272">
    <p class='ocr_par' dir='ltr' id='par_1_17' title="bbox 213 4167 1723 4272">
     <span class='ocr_line' id='line_1_30' title="bbox 213 4167 1723 4272; baseline -0.006 -22"><span class='ocrx_word' id='word_1_264' title='bbox 213 4173 494 4272; x_wconf 86' lang='lat' dir='ltr'><strong>adAgathonem</strong></span> <span class='ocrx_word' id='word_1_265' title='bbox 509 4170 738 4266; x_wconf 78' lang='lat' dir='ltr'><strong>appellass&#39;et3</strong></span> <span class='ocrx_word' id='word_1_266' title='bbox 763 4169 797 4242; x_wconf 83' lang='lat' dir='ltr'><strong>S.</strong></span> <span class='ocrx_word' id='word_1_267' title='bbox 809 4167 976 4244; x_wconf 67' lang='lat' dir='ltr'><strong>contifex</strong></span> <span class='ocrx_word' id='word_1_268' title='bbox 989 4175 1025 4246; x_wconf 93' lang='lat' dir='ltr'><strong>in</strong></span> <span class='ocrx_word' id='word_1_269' title='bbox 1036 4171 1204 4246; x_wconf 88' lang='lat' dir='ltr'><strong>Concilio</strong></span> <span class='ocrx_word' id='word_1_270' title='bbox 1217 4193 1367 4248; x_wconf 88' lang='lat' dir='ltr'><strong>romano</strong></span> <span class='ocrx_word' id='word_1_271' title='bbox 1382 4177 1514 4266; x_wconf 84' lang='lat' dir='ltr'><strong>ajebat:</strong></span> <span class='ocrx_word' id='word_1_272' title='bbox 1540 4169 1659 4259; x_wconf 81' lang='lat' dir='ltr'><strong>„Non</strong></span> <span class='ocrx_word' id='word_1_273' title='bbox 1713 4220 1723 4232; x_wconf 72' lang='lat'><em>,</em></span> 
     </span>
    </p>
   </div>
   <div class='ocr_carea' id='block_1_18' title="bbox 211 4261 1658 4663">
    <p class='ocr_par' dir='ltr' id='par_1_18' title="bbox 211 4261 1658 4663">
     <span class='ocr_line' id='line_1_31' title="bbox 215 4261 1658 4366; baseline -0.005 -18"><span class='ocrx_word' id='word_1_274' title='bbox 215 4273 470 4366; x_wconf 79' lang='lat' dir='ltr'><strong>„mediocriter</strong></span> <span class='ocrx_word' id='word_1_275' title='bbox 486 4272 653 4346; x_wconf 82' lang='lat' dir='ltr'><strong>satisfecit</strong></span> <span class='ocrx_word' id='word_1_276' title='bbox 669 4270 898 4349; x_wconf 75' lang='lat' dir='ltr'><strong>audientibus</strong></span> <span class='ocrx_word' id='word_1_277' title='bbox 912 4273 1098 4363; x_wconf 86' lang='lat' dir='ltr'><strong>petitionis</strong></span> <span class='ocrx_word' id='word_1_278' title='bbox 1115 4271 1238 4362; x_wconf 76' lang='lat' dir='ltr'><strong>series,</strong></span> <span class='ocrx_word' id='word_1_279' title='bbox 1263 4295 1367 4364; x_wconf 80' lang='lat' dir='ltr'><strong>quam</strong></span> <span class='ocrx_word' id='word_1_280' title='bbox 1379 4270 1564 4344; x_wconf 79' lang='lat' dir='ltr'><strong>wilfridus</strong></span> <span class='ocrx_word' id='word_1_281' title='bbox 1575 4261 1658 4342; x_wconf 79' lang='lat' dir='ltr'><strong>Ded</strong></span> 
     </span>
     <span class='ocr_line' id='line_1_32' title="bbox 213 4365 1658 4471; baseline -0.003 -25"><span class='ocrx_word' id='word_1_282' title='bbox 213 4373 397 4471; x_wconf 76' lang='lat' dir='ltr'><strong>„amabilia</strong></span> <span class='ocrx_word' id='word_1_283' title='bbox 419 4367 616 4468; x_wconf 78' lang='lat' dir='ltr'><strong>Episcopus</strong></span> <span class='ocrx_word' id='word_1_284' title='bbox 636 4371 772 4442; x_wconf 84' lang='lat' dir='ltr'><strong>obtulit</strong></span> <span class='ocrx_word' id='word_1_285' title='bbox 791 4367 827 4442; x_wconf 89' lang='lat' dir='ltr'><strong>ln</strong></span> <span class='ocrx_word' id='word_1_286' title='bbox 850 4369 943 4456; x_wconf 80' lang='lat' dir='ltr'><strong>hoc,</strong></span> <span class='ocrx_word' id='word_1_287' title='bbox 969 4391 1051 4444; x_wconf 89' lang='lat' dir='ltr'><strong>curn</strong></span> <span class='ocrx_word' id='word_1_288' title='bbox 1076 4369 1110 4443; x_wconf 91' lang='lat' dir='ltr'><strong>se</strong></span> <span class='ocrx_word' id='word_1_289' title='bbox 1125 4371 1269 4466; x_wconf 85' lang='lat' dir='ltr'><strong>indigne</strong></span> <span class='ocrx_word' id='word_1_290' title='bbox 1293 4367 1549 4464; x_wconf 21' lang='lat' dir='ltr'><strong>delepiscopali</strong></span> <span class='ocrx_word' id='word_1_291' title='bbox 1564 4365 1658 4442; x_wconf 87' lang='lat' dir='ltr'><strong>Sede</strong></span> 
     </span>
     <span class='ocr_line' id='line_1_33' title="bbox 213 4465 1657 4566; baseline -0.002 -23"><span class='ocrx_word' id='word_1_292' title='bbox 213 4472 413 4566; x_wconf 69' lang='lat' dir='ltr'><strong>„dejectum</strong></span> <span class='ocrx_word' id='word_1_293' title='bbox 434 4473 603 4566; x_wconf 82' lang='lat' dir='ltr'><strong>agnovit,</strong></span> <span class='ocrx_word' id='word_1_294' title='bbox 631 4488 707 4542; x_wconf 92' lang='lat' dir='ltr'><strong>non</strong></span> <span class='ocrx_word' id='word_1_295' title='bbox 731 4470 994 4542; x_wconf 80' lang='lat' dir='ltr'><strong>contumaciter</strong></span> <span class='ocrx_word' id='word_1_296' title='bbox 1018 4491 1081 4562; x_wconf 86' lang='lat' dir='ltr'><strong>pet</strong></span> <span class='ocrx_word' id='word_1_297' title='bbox 1104 4473 1176 4544; x_wconf 86' lang='lat' dir='ltr'><strong>vim</strong></span> <span class='ocrx_word' id='word_1_298' title='bbox 1200 4470 1389 4544; x_wconf 85' lang='lat' dir='ltr'><strong>secularem</strong></span> <span class='ocrx_word' id='word_1_299' title='bbox 1412 4465 1571 4558; x_wconf 82' lang='lat' dir='ltr'><strong>obstitit,</strong></span> <span class='ocrx_word' id='word_1_300' title='bbox 1597 4465 1657 4540; x_wconf 89' lang='lat' dir='ltr'><strong>sed</strong></span> 
     </span>
     <span class='ocr_line' id='line_1_34' title="bbox 211 4563 1657 4663; baseline -0.001 -19"><span class='ocrx_word' id='word_1_301' title='bbox 211 4573 417 4663; x_wconf 78' lang='lat' dir='ltr'><strong>„humiliter</strong></span> <span class='ocrx_word' id='word_1_302' title='bbox 432 4571 586 4644; x_wconf 80' lang='lat' dir='ltr'><strong>sentient</strong></span> <span class='ocrx_word' id='word_1_303' title='bbox 605 4569 780 4641; x_wconf 82' lang='lat' dir='ltr'><strong>Authoris</strong></span> <span class='ocrx_word' id='word_1_304' title='bbox 796 4566 906 4638; x_wconf 80' lang='lat' dir='ltr'><strong>nostri</strong></span> <span class='ocrx_word' id='word_1_305' title='bbox 923 4568 962 4640; x_wconf 87' lang='grc' dir='ltr'><strong>Β.</strong></span> <span class='ocrx_word' id='word_1_306' title='bbox 974 4565 1066 4642; x_wconf 87' lang='lat' dir='ltr'><strong>Petri</strong></span> <span class='ocrx_word' id='word_1_307' title='bbox 1083 4569 1344 4662; x_wconf 85' lang='lat' dir='ltr'><strong>Apostolorum</strong></span> <span class='ocrx_word' id='word_1_308' title='bbox 1360 4563 1532 4660; x_wconf 84' lang='lat' dir='ltr'><strong>Principis</strong></span> <span class='ocrx_word' id='word_1_309' title='bbox 1550 4587 1657 4642; x_wconf 86' lang='lat' dir='ltr'><strong>cano·</strong></span> 
     </span>
    </p>
   </div>
   <div class='ocr_carea' id='block_1_19' title="bbox 208 4665 1767 4766">
    <p class='ocr_par' dir='ltr' id='par_1_19' title="bbox 208 4665 1767 4766">
     <span class='ocr_line' id='line_1_35' title="bbox 208 4665 1767 4766; baseline -0.001 -22"><span class='ocrx_word' id='word_1_310' title='bbox 208 4674 353 4764; x_wconf 87' lang='lat' dir='ltr'><strong>„uicum</strong></span> <span class='ocrx_word' id='word_1_311' title='bbox 377 4671 556 4766; x_wconf 81' lang='lat' dir='ltr'><strong>expetivit</strong></span> <span class='ocrx_word' id='word_1_312' title='bbox 579 4665 803 4755; x_wconf 75' lang='lat' dir='ltr'><strong>subsidium,⁴</strong></span> <span class='ocrx_word' id='word_1_313' title='bbox 829 4665 1032 4760; x_wconf 81' lang='lat' dir='ltr'><strong>&amp;supplici</strong></span> <span class='ocrx_word' id='word_1_314' title='bbox 1059 4668 1344 4761; x_wconf 59' lang='lat' dir='ltr'><strong>pullulatione,</strong></span> <span class='ocrx_word' id='word_1_315' title='bbox 1386 4685 1463 4756; x_wconf 86' lang='lat' dir='ltr'><strong>quae</strong></span> <span class='ocrx_word' id='word_1_316' title='bbox 1484 4665 1586 4759; x_wconf 87' lang='lat' dir='ltr'><strong>super</strong></span> <span class='ocrx_word' id='word_1_317' title='bbox 1605 4685 1654 4742; x_wconf 86' lang='lat' dir='ltr'><strong>eo</strong></span> <span class='ocrx_word' id='word_1_318' title='bbox 1761 4675 1767 4710; x_wconf 68' lang='lat' dir='ltr'><strong>l</strong></span> 
     </span>
    </p>
   </div>
   <div class='ocr_carea' id='block_1_20' title="bbox 209 4761 1656 4882">
    <p class='ocr_par' dir='ltr' id='par_1_20' title="bbox 209 4761 1656 4882">
     <span class='ocr_line' id='line_1_36' title="bbox 209 4761 1656 4882; baseline -0.004 -38"><span class='ocrx_word' id='word_1_319' title='bbox 209 4768 410 4862; x_wconf 86' lang='lat' dir='ltr'><strong>„censenda</strong></span> <span class='ocrx_word' id='word_1_320' title='bbox 427 4769 528 4860; x_wconf 87' lang='lat' dir='ltr'><strong>sunt,</strong></span> <span class='ocrx_word' id='word_1_321' title='bbox 566 4766 601 4842; x_wconf 90' lang='lat' dir='ltr'><strong>se</strong></span> <span class='ocrx_word' id='word_1_322' title='bbox 620 4764 858 4882; x_wconf 82' lang='lat' dir='ltr'><strong>suscepturum</strong></span> <span class='ocrx_word' id='word_1_323' title='bbox 881 4765 1093 4861; x_wconf 78' lang='lat' dir='ltr'><strong>perlubens,</strong></span> <span class='ocrx_word' id='word_1_324' title='bbox 1133 4761 1231 4864; x_wconf 77' lang='lat' dir='ltr'><strong>quod</strong></span> <span class='ocrx_word' id='word_1_325' title='bbox 1251 4785 1296 4845; x_wconf 85' lang='lat' dir='ltr'><strong>ex</strong></span> <span class='ocrx_word' id='word_1_326' title='bbox 1318 4783 1383 4839; x_wconf 89' lang='lat' dir='ltr'><strong>ore</strong></span> <span class='ocrx_word' id='word_1_327' title='bbox 1400 4761 1524 4839; x_wconf 85' lang='lat' dir='ltr'><strong>nostro</strong></span> <span class='ocrx_word' id='word_1_328' title='bbox 1540 4763 1579 4836; x_wconf 92' lang='lat' dir='ltr'><strong>B.</strong></span> <span class='ocrx_word' id='word_1_329' title='bbox 1592 4761 1656 4838; x_wconf 89' lang='lat' dir='ltr'><strong>Pe·</strong></span> 
     </span>
    </p>
   </div>
   <div class='ocr_carea' id='block_1_21' title="bbox 210 4969 939 5005">
    <p class='ocr_par' dir='ltr' id='par_1_21' title="bbox 210 4969 939 5005">
     <span class='ocr_line' id='line_1_37' title="bbox 210 4969 939 5005; baseline -0.015 -8"><span class='ocrx_word' id='word_1_330' title='bbox 210 4969 939 5005; x_wconf 41' lang='grc' dir='ltr'><strong>ΜΨ·</strong></span> 
     </span>
    </p>
   </div>
   <div class='ocr_carea' id='block_1_22' title="bbox 286 5026 974 5128">
    <p class='ocr_par' dir='ltr' id='par_1_22' title="bbox 286 5026 974 5128">
     <span class='ocr_line' id='line_1_38' title="bbox 286 5026 974 5128; baseline 0.042 -49"><span class='ocrx_word' id='word_1_331' title='bbox 286 5037 324 5120; x_wconf 64' lang='grc' dir='ltr'><strong>ο)</strong></span> <span class='ocrx_word' id='word_1_332' title='bbox 344 5032 423 5110; x_wconf 69' lang='lat' dir='ltr'><strong>vide</strong></span> <span class='ocrx_word' id='word_1_333' title='bbox 436 5026 568 5128; x_wconf 70' lang='lat' dir='ltr'><strong>Antistia.</strong></span> <span class='ocrx_word' id='word_1_334' title='bbox 584 5028 697 5092; x_wconf 80' lang='lat' dir='ltr'><strong>vindic.</strong></span> <span class='ocrx_word' id='word_1_335' title='bbox 709 5028 786 5092; x_wconf 73' lang='lat' dir='ltr'><strong>Part.</strong></span> <span class='ocrx_word' id='word_1_336' title='bbox 797 5046 836 5112; x_wconf 73' lang='lat'><strong>3»</strong></span> <span class='ocrx_word' id='word_1_337' title='bbox 858 5043 974 5114; x_wconf 63' lang='lat' dir='ltr'><strong>maist·</strong></span> 
     </span>
    </p>
   </div>
   <div class='ocr_carea' id='block_1_23' title="bbox 826 4865 1605 4962">
    <p class='ocr_par' dir='ltr' id='par_1_23' title="bbox 826 4865 1605 4962">
     <span class='ocr_line' id='line_1_39' title="bbox 826 4865 1605 4962; baseline -0.006 -1"><span class='ocrx_word' id='word_1_338' title='bbox 826 4921 829 4926; x_wconf 71' lang='grc'><strong>’</strong></span> <span class='ocrx_word' id='word_1_339' title='bbox 855 4865 895 4936; x_wconf 79' lang='grc' dir='ltr'><strong><em>Μ</em></strong></span> <span class='ocrx_word' id='word_1_340' title='bbox 914 4887 949 4940; x_wconf 78' lang='lat' dir='ltr'><strong>m</strong></span> <span class='ocrx_word' id='word_1_341' title='bbox 977 4885 998 4960; x_wconf 85' lang='lat'>3</span> <span class='ocrx_word' id='word_1_342' title='bbox 1453 4957 1457 4962; x_wconf 84' lang='grc'><strong>,</strong></span> <span class='ocrx_word' id='word_1_343' title='bbox 1485 4877 1605 4958; x_wconf 45' lang='lat' dir='ltr'><strong>„irum</strong></span> 
     </span>
    </p>
   </div>
   <div class='ocr_carea' id='block_1_24' title="bbox 0 0 1976 6134">
    <p class='ocr_par' dir='ltr' id='par_1_24' title="bbox 0 0 1976 6134">
     <span class='ocr_line' id='line_1_40' title="bbox 0 0 1976 6134; baseline 0 10"><span class='ocrx_word' id='word_1_344' title='bbox 0 0 1976 6134; x_wconf 95' lang='lat' dir='ltr'><strong> </strong></span> 
     </span>
    </p>
   </div>
  </div>
 </body>
</html>
