<?xml version="1.0" encoding="UTF-8"?>
<!DOCTYPE html PUBLIC "-//W3C//DTD XHTML 1.0 Transitional//EN"
    "http://www.w3.org/TR/xhtml1/DTD/xhtml1-transitional.dtd">
<html xmlns="http://www.w3.org/1999/xhtml" xml:lang="en" lang="en">
 <head>
  <title>
</title>
<meta http-equiv="Content-Type" content="text/html;charset=utf-8" />
  <meta name='ocr-system' content='tesseract 3.04.00' />
  <meta name='ocr-capabilities' content='ocr_page ocr_carea ocr_par ocr_line ocrx_word'/>
</head>
<body>
  <div class='ocr_page' id='page_1' title='image "./quisestpetrusse00frgoog_0272.png"; bbox 0 0 3942 6134; ppageno 0'>
   <div class='ocr_carea' id='block_1_1' title="bbox 308 1095 1147 1197">
    <p class='ocr_par' dir='ltr' id='par_1_1' title="bbox 308 1095 1147 1197">
     <span class='ocr_line' id='line_1_1' title="bbox 308 1095 1147 1197; baseline -0.007 -21"><span class='ocrx_word' id='word_1_1' title='bbox 308 1095 377 1176; x_wconf 76' lang='lat'><strong>258</strong></span> <span class='ocrx_word' id='word_1_2' title='bbox 721 1186 725 1197; x_wconf 91' lang='lat'><em>.</em></span> <span class='ocrx_word' id='word_1_3' title='bbox 815 1108 1147 1146; x_wconf 40' lang='lat' dir='ltr'><strong>aaa</strong></span> 
     </span>
    </p>
   </div>
   <div class='ocr_carea' id='block_1_2' title="bbox 183 1253 1735 3354">
    <p class='ocr_par' dir='ltr' id='par_1_2' title="bbox 183 1253 1735 3354">
     <span class='ocr_line' id='line_1_2' title="bbox 263 1253 1734 1367; baseline 0.003 -35"><span class='ocrx_word' id='word_1_4' title='bbox 263 1261 344 1332; x_wconf 88' lang='lat' dir='ltr'><strong>dam</strong></span> <span class='ocrx_word' id='word_1_5' title='bbox 364 1259 411 1333; x_wconf 90' lang='lat' dir='ltr'><strong>de</strong></span> <span class='ocrx_word' id='word_1_6' title='bbox 432 1259 549 1336; x_wconf 81' lang='lat' dir='ltr'>Laicis</span> <span class='ocrx_word' id='word_1_7' title='bbox 568 1253 694 1338; x_wconf 87' lang='lat' dir='ltr'><strong>&#39;contra</strong></span> <span class='ocrx_word' id='word_1_8' title='bbox 715 1279 873 1367; x_wconf 71' lang='lat' dir='ltr'><strong>canones</strong></span> <span class='ocrx_word' id='word_1_9' title='bbox 897 1265 1106 1361; x_wconf 86' lang='lat' dir='ltr'><strong>promoveri</strong></span> <span class='ocrx_word' id='word_1_10' title='bbox 1130 1260 1173 1334; x_wconf 92' lang='lat' dir='ltr'><strong>ad</strong></span> <span class='ocrx_word' id='word_1_11' title='bbox 1196 1255 1455 1356; x_wconf 85' lang='lat' dir='ltr'><strong>Episcopatum-</strong></span> <span class='ocrx_word' id='word_1_12' title='bbox 1472 1256 1629 1342; x_wconf 84' lang='lat' dir='ltr'><strong>linerent</strong></span> <span class='ocrx_word' id='word_1_13' title='bbox 1659 1257 1734 1358; x_wconf 74' lang='lat'><strong>*):</strong></span> 
     </span>
     <span class='ocr_line' id='line_1_3' title="bbox 265 1359 1728 1462; baseline 0.001 -29"><span class='ocrx_word' id='word_1_14' title='bbox 265 1359 396 1450; x_wconf 88' lang='lat' dir='ltr'><strong>„Nulli</strong></span> <span class='ocrx_word' id='word_1_15' title='bbox 411 1362 645 1437; x_wconf 75' lang='lat' dir='ltr'><strong>sacerdotum</strong></span> <span class='ocrx_word' id='word_1_16' title='bbox 662 1360 743 1436; x_wconf 88' lang='lat' dir='ltr'><strong>suos</strong></span> <span class='ocrx_word' id='word_1_17' title='bbox 764 1367 872 1438; x_wconf 89' lang='lat' dir='ltr'><strong>liceat</strong></span> <span class='ocrx_word' id='word_1_18' title='bbox 889 1370 1055 1462; x_wconf 85' lang='lat' dir='ltr'><strong>ignorate</strong></span> <span class='ocrx_word' id='word_1_19' title='bbox 1074 1383 1252 1450; x_wconf 88' lang='lat' dir='ltr'><strong>canones,</strong></span> <span class='ocrx_word' id='word_1_20' title='bbox 1266 1381 1349 1434; x_wconf 63' lang='lat' dir='ltr'><strong>‘nec</strong></span> <span class='ocrx_word' id='word_1_21' title='bbox 1373 1359 1567 1450; x_wconf 81' lang='lat' dir='ltr'><strong>quidquam</strong></span> <span class='ocrx_word' id='word_1_22' title='bbox 1588 1360 1728 1452; x_wconf 87' lang='lat' dir='ltr'><strong>facere,</strong></span> 
     </span>
     <span class='ocr_line' id='line_1_4' title="bbox 264 1459 1735 1560; baseline 0.003 -28"><span class='ocrx_word' id='word_1_23' title='bbox 264 1461 393 1552; x_wconf 85' lang='lat' dir='ltr'><strong>„quod</strong></span> <span class='ocrx_word' id='word_1_24' title='bbox 410 1460 550 1535; x_wconf 79' lang='lat' dir='ltr'><strong>l’atrum</strong></span> <span class='ocrx_word' id='word_1_25' title='bbox 569 1459 675 1553; x_wconf 86' lang='lat' dir='ltr'><strong>poffit</strong></span> <span class='ocrx_word' id='word_1_26' title='bbox 692 1467 820 1559; x_wconf 85' lang='lat' dir='ltr'><strong>regulis</strong></span> <span class='ocrx_word' id='word_1_27' title='bbox 835 1470 1002 1538; x_wconf 84' lang='lat' dir='ltr'><strong>obviare.</strong></span> <span class='ocrx_word' id='word_1_28' title='bbox 1061 1465 1154 1560; x_wconf 82' lang='lat' dir='ltr'><strong>Quae</strong></span> <span class='ocrx_word' id='word_1_29' title='bbox 1175 1464 1268 1535; x_wconf 91' lang='lat' dir='ltr'><strong>enim</strong></span> <span class='ocrx_word' id='word_1_30' title='bbox 1292 1459 1435 1534; x_wconf 90' lang='lat' dir='ltr'><strong>anobis</strong></span> <span class='ocrx_word' id='word_1_31' title='bbox 1457 1479 1514 1532; x_wconf 88' lang='lat' dir='ltr'><strong>res</strong></span> <span class='ocrx_word' id='word_1_32' title='bbox 1533 1459 1641 1556; x_wconf 87' lang='lat' dir='ltr'><strong>digna</strong></span> <span class='ocrx_word' id='word_1_33' title='bbox 1663 1462 1735 1536; x_wconf 87' lang='lat' dir='ltr'><strong>ser·</strong></span> 
     </span>
     <span class='ocr_line' id='line_1_5' title="bbox 266 1555 1730 1654; baseline 0.001 -22"><span class='ocrx_word' id='word_1_34' title='bbox 266 1563 464 1651; x_wconf 86' lang='lat' dir='ltr'><strong>„vabitur‚</strong></span> <span class='ocrx_word' id='word_1_35' title='bbox 497 1562 523 1635; x_wconf 77' lang='lat' dir='ltr'><strong>sn</strong></span> <span class='ocrx_word' id='word_1_36' title='bbox 551 1561 781 1636; x_wconf 81' lang='lat' dir='ltr'><strong>decretalium</strong></span> <span class='ocrx_word' id='word_1_37' title='bbox 807 1585 932 1638; x_wconf 88' lang='lat' dir='ltr'><strong>norma</strong></span> <span class='ocrx_word' id='word_1_38' title='bbox 957 1555 1257 1637; x_wconf 83' lang='lat' dir='ltr'><strong>constitutionum</strong></span> <span class='ocrx_word' id='word_1_39' title='bbox 1284 1581 1350 1654; x_wconf 92' lang='lat' dir='ltr'><strong>pro</strong></span> <span class='ocrx_word' id='word_1_40' title='bbox 1380 1559 1580 1650; x_wconf 88' lang='lat' dir='ltr'><strong>aliquorum</strong></span> <span class='ocrx_word' id='word_1_41' title='bbox 1606 1563 1730 1652; x_wconf 91' lang='lat' dir='ltr'><strong>libitu,</strong></span> 
     </span>
     <span class='ocr_line' id='line_1_6' title="bbox 269 1659 1734 1760; baseline 0.001 -28"><span class='ocrx_word' id='word_1_42' title='bbox 269 1660 442 1748; x_wconf 85' lang='lat' dir='ltr'><strong>„licentia</strong></span> <span class='ocrx_word' id='word_1_43' title='bbox 462 1662 605 1756; x_wconf 90' lang='lat' dir='ltr'><strong>populis</strong></span> <span class='ocrx_word' id='word_1_44' title='bbox 622 1662 1011 1760; x_wconf 75' lang='lat' dir='ltr'><strong>permissi-frangatur?</strong></span> <span class='ocrx_word' id='word_1_45' title='bbox 1038 1663 1255 1736; x_wconf 81' lang='lat' dir='ltr'><strong>Audivimus</strong></span> <span class='ocrx_word' id='word_1_46' title='bbox 1277 1659 1443 1749; x_wconf 85' lang='lat' dir='ltr'><strong>quasdam</strong></span> <span class='ocrx_word' id='word_1_47' title='bbox 1466 1661 1633 1732; x_wconf 87' lang='lat' dir='ltr'><strong>civitates</strong></span> <span class='ocrx_word' id='word_1_48' title='bbox 1645 1660 1734 1755; x_wconf 86' lang='lat' dir='ltr'><strong>Epi·</strong></span> 
     </span>
     <span class='ocr_line' id='line_1_7' title="bbox 268 1757 1727 1854; baseline 0.001 -24"><span class='ocrx_word' id='word_1_49' title='bbox 268 1757 427 1852; x_wconf 84' lang='lat' dir='ltr'><strong>„scopos</strong></span> <span class='ocrx_word' id='word_1_50' title='bbox 446 1763 508 1836; x_wconf 82' lang='lat' dir='ltr'><strong>sabi</strong></span> <span class='ocrx_word' id='word_1_51' title='bbox 530 1772 654 1854; x_wconf 76' lang='lat' dir='ltr'><strong>petere</strong></span> <span class='ocrx_word' id='word_1_52' title='bbox 678 1766 776 1836; x_wconf 85' lang='lat' dir='ltr'><strong>velie</strong></span> <span class='ocrx_word' id='word_1_53' title='bbox 797 1762 842 1834; x_wconf 94' lang='lat' dir='ltr'><strong>de</strong></span> <span class='ocrx_word' id='word_1_54' title='bbox 860 1763 1043 1836; x_wconf 83' lang='lat' dir='ltr'><strong>Laicis-</strong></span> <span class='ocrx_word' id='word_1_55' title='bbox 1076 1760 1247 1849; x_wconf 85' lang='lat' dir='ltr'><strong>Talibus‚</strong></span> <span class='ocrx_word' id='word_1_56' title='bbox 1273 1759 1413 1833; x_wconf 82' lang='lat' dir='ltr'><strong>Fratres</strong></span> <span class='ocrx_word' id='word_1_57' title='bbox 1435 1757 1650 1846; x_wconf 67' lang='lat' dir='ltr'><strong>charisimi,</strong></span> <span class='ocrx_word' id='word_1_58' title='bbox 1664 1761 1727 1854; x_wconf 87' lang='lat' dir='ltr'><strong>qui</strong></span> 
     </span>
     <span class='ocr_line' id='line_1_8' title="bbox 268 1857 1733 1962; baseline 0.003 -34"><span class='ocrx_word' id='word_1_59' title='bbox 268 1859 382 1949; x_wconf 86' lang='lat' dir='ltr'><strong>„juris</strong></span> <span class='ocrx_word' id='word_1_60' title='bbox 401 1861 539 1962; x_wconf 61' lang='lat' dir='ltr'><strong>nostri2</strong></span> <span class='ocrx_word' id='word_1_61' title='bbox 560 1860 682 1950; x_wconf 84' lang='lat' dir='ltr'><strong>idest,</strong></span> <span class='ocrx_word' id='word_1_62' title='bbox 709 1881 888 1934; x_wconf 84' lang='lat' dir='ltr'><strong>canonum</strong></span> <span class='ocrx_word' id='word_1_63' title='bbox 905 1865 1147 1958; x_wconf 87' lang='lat' dir='ltr'><strong>gubernacula</strong></span> <span class='ocrx_word' id='word_1_64' title='bbox 1166 1861 1406 1944; x_wconf 86' lang='lat' dir='ltr'><strong>custodimus,</strong></span> <span class='ocrx_word' id='word_1_65' title='bbox 1433 1857 1574 1932; x_wconf 86' lang='lat' dir='ltr'><strong>necesse</strong></span> <span class='ocrx_word' id='word_1_66' title='bbox 1594 1859 1648 1932; x_wconf 83' lang='lat' dir='ltr'><strong>eli</strong></span> <span class='ocrx_word' id='word_1_67' title='bbox 1665 1861 1733 1932; x_wconf 85' lang='lat' dir='ltr'><strong>ob-</strong></span> 
     </span>
     <span class='ocr_line' id='line_1_9' title="bbox 268 1958 1730 2060; baseline 0.003 -33"><span class='ocrx_word' id='word_1_68' title='bbox 268 1958 460 2049; x_wconf 84' lang='lat' dir='ltr'><strong>„viemus,</strong></span> <span class='ocrx_word' id='word_1_69' title='bbox 485 1963 590 2054; x_wconf 78' lang='lat' dir='ltr'><strong>iisqne</strong></span> <span class='ocrx_word' id='word_1_70' title='bbox 603 1959 844 2052; x_wconf 72' lang='lat' dir='ltr'><strong>fraternitatem</strong></span> <span class='ocrx_word' id='word_1_71' title='bbox 864 1965 999 2060; x_wconf 75' lang='lat' dir='ltr'><strong>uestram</strong></span> <span class='ocrx_word' id='word_1_72' title='bbox 1018 1965 1150 2060; x_wconf 85' lang='lat' dir='ltr'><strong>epistolis</strong></span> <span class='ocrx_word' id='word_1_73' title='bbox 1169 1979 1415 2048; x_wconf 74' lang='lat' dir='ltr'><strong>conmanentes,</strong></span> <span class='ocrx_word' id='word_1_74' title='bbox 1436 1962 1487 2032; x_wconf 75' lang='lat' dir='ltr'><strong>‘ne</strong></span> <span class='ocrx_word' id='word_1_75' title='bbox 1507 1959 1730 2053; x_wconf 80' lang='lat' dir='ltr'><strong>qnisLaicurn</strong></span> 
     </span>
     <span class='ocr_line' id='line_1_10' title="bbox 270 2055 1729 2155; baseline 0.002 -25"><span class='ocrx_word' id='word_1_76' title='bbox 270 2059 340 2148; x_wconf 87' lang='lat' dir='ltr'><strong>„ad</strong></span> <span class='ocrx_word' id='word_1_77' title='bbox 352 2062 490 2132; x_wconf 80' lang='lat' dir='ltr'><strong>ordinem</strong></span> <span class='ocrx_word' id='word_1_78' title='bbox 511 2061 683 2135; x_wconf 75' lang='lat' dir='ltr'><strong>clericatus</strong></span> <span class='ocrx_word' id='word_1_79' title='bbox 702 2063 893 2140; x_wconf 85' lang='lat' dir='ltr'><strong>admittat.“</strong></span> <span class='ocrx_word' id='word_1_80' title='bbox 941 2062 977 2136; x_wconf 87' lang='lat' dir='ltr'><strong>S.</strong></span> <span class='ocrx_word' id='word_1_81' title='bbox 989 2061 1067 2134; x_wconf 93' lang='lat' dir='ltr'><strong>Leo</strong></span> <span class='ocrx_word' id='word_1_82' title='bbox 1089 2059 1194 2134; x_wconf 80' lang='lat' dir='ltr'><strong>saslas</strong></span> <span class='ocrx_word' id='word_1_83' title='bbox 1212 2063 1256 2134; x_wconf 88' lang='lat' dir='ltr'><strong>ab</strong></span> <span class='ocrx_word' id='word_1_84' title='bbox 1274 2055 1458 2155; x_wconf 83' lang='lat' dir='ltr'><strong>Episcopis</strong></span> <span class='ocrx_word' id='word_1_85' title='bbox 1478 2057 1729 2134; x_wconf 87' lang='lat' dir='ltr'><strong>ordinationes</strong></span> 
     </span>
     <span class='ocr_line' id='line_1_11' title="bbox 271 2153 1728 2252; baseline 0.001 -24"><span class='ocrx_word' id='word_1_86' title='bbox 271 2155 513 2252; x_wconf 83' lang='lat' dir='ltr'><strong>biganorum,</strong></span> <span class='ocrx_word' id='word_1_87' title='bbox 550 2158 584 2231; x_wconf 80' lang='lat' dir='ltr'><strong>dt</strong></span> <span class='ocrx_word' id='word_1_88' title='bbox 606 2161 879 2234; x_wconf 85' lang='lat' dir='ltr'><strong>incontinentiae</strong></span> <span class='ocrx_word' id='word_1_89' title='bbox 899 2163 1038 2235; x_wconf 87' lang='lat' dir='ltr'><strong>macula</strong></span> <span class='ocrx_word' id='word_1_90' title='bbox 1060 2160 1245 2235; x_wconf 84' lang='lat' dir='ltr'><strong>infamium</strong></span> <span class='ocrx_word' id='word_1_91' title='bbox 1266 2153 1393 2232; x_wconf 86' lang='lat' dir='ltr'><strong>omnes</strong></span> <span class='ocrx_word' id='word_1_92' title='bbox 1417 2157 1576 2230; x_wconf 78' lang='lat' dir='ltr'><strong>declarat</strong></span> <span class='ocrx_word' id='word_1_93' title='bbox 1598 2159 1728 2248; x_wconf 86' lang='lat' dir='ltr'><strong>irritas,</strong></span> 
     </span>
     <span class='ocr_line' id='line_1_12' title="bbox 271 2255 1731 2353; baseline 0.007 -23"><span class='ocrx_word' id='word_1_94' title='bbox 271 2276 314 2330; x_wconf 88' lang='lat' dir='ltr'><strong>ac</strong></span> <span class='ocrx_word' id='word_1_95' title='bbox 335 2277 402 2351; x_wconf 90' lang='lat' dir='ltr'><strong>pro</strong></span> <span class='ocrx_word' id='word_1_96' title='bbox 424 2255 549 2330; x_wconf 84' lang='lat' dir='ltr'><strong>futuro</strong></span> <span class='ocrx_word' id='word_1_97' title='bbox 569 2257 761 2353; x_wconf 80' lang='lat' dir='ltr'><strong>discipline</strong></span> <span class='ocrx_word' id='word_1_98' title='bbox 779 2259 974 2335; x_wconf 83' lang='lat' dir='ltr'><strong>custodiam</strong></span> <span class='ocrx_word' id='word_1_99' title='bbox 996 2262 1154 2336; x_wconf 86' lang='lat' dir='ltr'><strong>inculcat</strong></span> <span class='ocrx_word' id='word_1_100' title='bbox 1169 2265 1253 2352; x_wconf 72' lang='lat' dir='ltr'><strong>l⁴‘):</strong></span> <span class='ocrx_word' id='word_1_101' title='bbox 1281 2255 1400 2348; x_wconf 84' lang='lat' dir='ltr'><strong>„Non</strong></span> <span class='ocrx_word' id='word_1_102' title='bbox 1422 2260 1495 2330; x_wconf 70' lang='lat' dir='ltr'><strong>levi</strong></span> <span class='ocrx_word' id='word_1_103' title='bbox 1514 2276 1581 2332; x_wconf 77' lang='lat'>¹¹0⁵</span> <span class='ocrx_word' id='word_1_104' title='bbox 1600 2277 1731 2340; x_wconf 78' lang='lat' dir='ltr'><strong>moeto·</strong></span> 
     </span>
     <span class='ocr_line' id='line_1_13' title="bbox 271 2355 1727 2453; baseline 0.002 -26"><span class='ocrx_word' id='word_1_105' title='bbox 271 2378 339 2446; x_wconf 87' lang='lat' dir='ltr'><strong>„re</strong></span> <span class='ocrx_word' id='word_1_106' title='bbox 363 2355 549 2430; x_wconf 86' lang='lat' dir='ltr'><strong>contristat</strong></span> <span class='ocrx_word' id='word_1_107' title='bbox 568 2364 711 2452; x_wconf 90' lang='lat' dir='ltr'><strong>quoties</strong></span> <span class='ocrx_word' id='word_1_108' title='bbox 732 2361 849 2453; x_wconf 86' lang='lat' dir='ltr'><strong>aliqua</strong></span> <span class='ocrx_word' id='word_1_109' title='bbox 870 2376 998 2435; x_wconf 90' lang='lat' dir='ltr'><strong>contra</strong></span> <span class='ocrx_word' id='word_1_110' title='bbox 1022 2360 1214 2434; x_wconf 86' lang='lat' dir='ltr'><strong>constituta</strong></span> <span class='ocrx_word' id='word_1_111' title='bbox 1235 2375 1442 2444; x_wconf 86' lang='lat' dir='ltr'><strong>canonum,</strong></span> <span class='ocrx_word' id='word_1_112' title='bbox 1485 2361 1543 2429; x_wconf 91' lang='lat' dir='ltr'><strong>vel</strong></span> <span class='ocrx_word' id='word_1_113' title='bbox 1567 2357 1727 2430; x_wconf 87' lang='lat' dir='ltr'><strong>ecclefia·</strong></span> 
     </span>
     <span class='ocr_line' id='line_1_14' title="bbox 183 2453 1726 2556; baseline -0.001 -27"><span class='ocrx_word' id='word_1_114' title='bbox 183 2463 189 2482; x_wconf 79' lang='grc'><strong>“</strong></span> <span class='ocrx_word' id='word_1_115' title='bbox 221 2509 230 2514; x_wconf 93' lang='grc'>-</span> <span class='ocrx_word' id='word_1_116' title='bbox 272 2453 418 2546; x_wconf 88' lang='lat' dir='ltr'><strong>„llicam</strong></span> <span class='ocrx_word' id='word_1_117' title='bbox 430 2455 655 2552; x_wconf 81' lang='lat' dir='ltr'><strong>disciplinam</strong></span> <span class='ocrx_word' id='word_1_118' title='bbox 673 2459 878 2551; x_wconf 75' lang='lat' dir='ltr'><strong>praesumta,</strong></span> <span class='ocrx_word' id='word_1_119' title='bbox 906 2463 966 2533; x_wconf 93' lang='lat' dir='ltr'><strong>vel</strong></span> <span class='ocrx_word' id='word_1_120' title='bbox 984 2458 1166 2556; x_wconf 82' lang='lat' dir='ltr'><strong>commissa</strong></span> <span class='ocrx_word' id='word_1_121' title='bbox 1188 2455 1453 2556; x_wconf 76' lang='lat' dir='ltr'><strong>cognoscimus:</strong></span> <span class='ocrx_word' id='word_1_122' title='bbox 1478 2477 1576 2547; x_wconf 77' lang='lat' dir='ltr'><strong>ques,</strong></span> <span class='ocrx_word' id='word_1_123' title='bbox 1603 2455 1626 2530; x_wconf 90' lang='lat' dir='ltr'><strong>sr</strong></span> <span class='ocrx_word' id='word_1_124' title='bbox 1653 2475 1726 2528; x_wconf 91' lang='lat' dir='ltr'><strong>non</strong></span> 
     </span>
     <span class='ocr_line' id='line_1_15' title="bbox 271 2555 1731 2653; baseline 0 -25"><span class='ocrx_word' id='word_1_125' title='bbox 271 2577 369 2647; x_wconf 86' lang='lat' dir='ltr'><strong>„qua</strong></span> <span class='ocrx_word' id='word_1_126' title='bbox 388 2555 581 2647; x_wconf 84' lang='lat' dir='ltr'><strong>debemus,</strong></span> <span class='ocrx_word' id='word_1_127' title='bbox 607 2561 795 2652; x_wconf 82' lang='lat' dir='ltr'><strong>vigilantia.</strong></span> <span class='ocrx_word' id='word_1_128' title='bbox 806 2559 1026 2653; x_wconf 84' lang='lat' dir='ltr'><strong>resecemus,</strong></span> <span class='ocrx_word' id='word_1_129' title='bbox 1052 2563 1126 2650; x_wconf 84' lang='lat' dir='ltr'><strong>illi,</strong></span> <span class='ocrx_word' id='word_1_130' title='bbox 1153 2559 1297 2650; x_wconf 90' lang='lat' dir='ltr'><strong>quinos</strong></span> <span class='ocrx_word' id='word_1_131' title='bbox 1320 2555 1560 2648; x_wconf 83' lang='lat' dir='ltr'><strong>speculatores</strong></span> <span class='ocrx_word' id='word_1_132' title='bbox 1579 2555 1650 2628; x_wconf 86' lang='lat' dir='ltr'><strong>else</strong></span> <span class='ocrx_word' id='word_1_133' title='bbox 1668 2575 1731 2628; x_wconf 88' lang='lat' dir='ltr'><strong>vo·</strong></span> 
     </span>
     <span class='ocr_line' id='line_1_16' title="bbox 273 2652 1728 2750; baseline 0.003 -21"><span class='ocrx_word' id='word_1_134' title='bbox 273 2658 390 2747; x_wconf 80' lang='lat' dir='ltr'><strong>‚,lult,</strong></span> <span class='ocrx_word' id='word_1_135' title='bbox 417 2654 584 2728; x_wconf 84' lang='lat' dir='ltr'><strong>excusare</strong></span> <span class='ocrx_word' id='word_1_136' title='bbox 603 2677 679 2730; x_wconf 90' lang='lat' dir='ltr'><strong>uon</strong></span> <span class='ocrx_word' id='word_1_137' title='bbox 701 2655 903 2749; x_wconf 80' lang='lat' dir='ltr'><strong>pollemus,</strong></span> <span class='ocrx_word' id='word_1_138' title='bbox 932 2661 1183 2750; x_wconf 87' lang='lat' dir='ltr'><strong>permittentes</strong></span> <span class='ocrx_word' id='word_1_139' title='bbox 1204 2657 1378 2731; x_wconf 78' lang='lat' dir='ltr'><strong>sincerum</strong></span> <span class='ocrx_word' id='word_1_140' title='bbox 1402 2675 1533 2746; x_wconf 87' lang='lat' dir='ltr'><strong>corpus</strong></span> <span class='ocrx_word' id='word_1_141' title='bbox 1548 2652 1728 2745; x_wconf 81' lang='lat' dir='ltr'><strong>Eccleltae,</strong></span> 
     </span>
     <span class='ocr_line' id='line_1_17' title="bbox 272 2754 1730 2854; baseline 0 -28"><span class='ocrx_word' id='word_1_142' title='bbox 272 2754 400 2846; x_wconf 84' lang='lat' dir='ltr'><strong>„quod</strong></span> <span class='ocrx_word' id='word_1_143' title='bbox 417 2757 462 2827; x_wconf 88' lang='lat' dir='ltr'><strong>ab</strong></span> <span class='ocrx_word' id='word_1_144' title='bbox 477 2759 575 2827; x_wconf 91' lang='lat' dir='ltr'><strong>omni</strong></span> <span class='ocrx_word' id='word_1_145' title='bbox 594 2776 722 2848; x_wconf 84' lang='lat' dir='ltr'><strong>purum</strong></span> <span class='ocrx_word' id='word_1_146' title='bbox 742 2759 880 2854; x_wconf 87' lang='lat' dir='ltr'><strong>macula</strong></span> <span class='ocrx_word' id='word_1_147' title='bbox 898 2755 1077 2832; x_wconf 87' lang='lat' dir='ltr'><strong>custodire</strong></span> <span class='ocrx_word' id='word_1_148' title='bbox 1097 2758 1291 2846; x_wconf 88' lang='lat' dir='ltr'><strong>debemus,</strong></span> <span class='ocrx_word' id='word_1_149' title='bbox 1316 2754 1549 2828; x_wconf 87' lang='lat' dir='ltr'><strong>ambientium</strong></span> <span class='ocrx_word' id='word_1_150' title='bbox 1568 2757 1730 2848; x_wconf 87' lang='lat' dir='ltr'><strong>improba</strong></span> 
     </span>
     <span class='ocr_line' id='line_1_18' title="bbox 272 2854 1728 2954; baseline 0.001 -26"><span class='ocrx_word' id='word_1_151' title='bbox 272 2854 522 2950; x_wconf 82' lang='lat' dir='ltr'><strong>„contagione</strong></span> <span class='ocrx_word' id='word_1_152' title='bbox 541 2854 675 2928; x_wconf 86' lang='lat' dir='ltr'><strong>foedari.</strong></span> <span class='ocrx_word' id='word_1_153' title='bbox 699 2906 743 2922; x_wconf 86' lang='lat'><strong>-.</strong></span> <span class='ocrx_word' id='word_1_154' title='bbox 764 2905 810 2922; x_wconf 83' lang='lat'><em>-</em></span> <span class='ocrx_word' id='word_1_155' title='bbox 859 2861 983 2954; x_wconf 83' lang='lat' dir='ltr'><strong>Siquis</strong></span> <span class='ocrx_word' id='word_1_156' title='bbox 999 2856 1149 2950; x_wconf 83' lang='lat' dir='ltr'><strong>fratrum</strong></span> <span class='ocrx_word' id='word_1_157' title='bbox 1172 2875 1281 2932; x_wconf 86' lang='lat' dir='ltr'><strong>cantra</strong></span> <span class='ocrx_word' id='word_1_158' title='bbox 1305 2859 1367 2930; x_wconf 79' lang='lat' dir='ltr'><strong>aaa</strong></span> <span class='ocrx_word' id='word_1_159' title='bbox 1380 2855 1506 2949; x_wconf 81' lang='lat' dir='ltr'><strong>statuta</strong></span> <span class='ocrx_word' id='word_1_160' title='bbox 1529 2861 1640 2929; x_wconf 83' lang='lat' dir='ltr'><strong>uenire</strong></span> <span class='ocrx_word' id='word_1_161' title='bbox 1660 2871 1728 2929; x_wconf 85' lang='lat' dir='ltr'><strong>tan·</strong></span> 
     </span>
     <span class='ocr_line' id='line_1_19' title="bbox 201 2953 1723 3053; baseline 0.006 -29"><span class='ocrx_word' id='word_1_162' title='bbox 201 3018 229 3050; x_wconf 17' lang='lat' dir='ltr'>N</span> <span class='ocrx_word' id='word_1_163' title='bbox 271 2962 439 3048; x_wconf 61' lang='lat' dir='ltr'><strong>„caverim</strong></span> <span class='ocrx_word' id='word_1_164' title='bbox 463 2955 555 3048; x_wconf 82' lang='lat' dir='ltr'><strong>asna</strong></span> <span class='ocrx_word' id='word_1_165' title='bbox 567 2956 606 3051; x_wconf 84' lang='lat' dir='ltr'><strong>se</strong></span> <span class='ocrx_word' id='word_1_166' title='bbox 628 2962 753 3030; x_wconf 83' lang='lat' dir='ltr'><strong>navarit</strong></span> <span class='ocrx_word' id='word_1_167' title='bbox 775 2955 869 3048; x_wconf 83' lang='lat' dir='ltr'><strong>officia</strong></span> <span class='ocrx_word' id='word_1_168' title='bbox 881 2959 1132 3053; x_wconf 81' lang='lat' dir='ltr'><strong>sradmauendum</strong></span> <span class='ocrx_word' id='word_1_169' title='bbox 1144 3011 1156 3048; x_wconf 93' lang='lat'><strong><em>,</em></strong></span> <span class='ocrx_word' id='word_1_170' title='bbox 1188 2981 1244 3030; x_wconf 84' lang='lat' dir='ltr'><strong>ner</strong></span> <span class='ocrx_word' id='word_1_171' title='bbox 1265 2960 1488 3030; x_wconf 84' lang='lat' dir='ltr'><strong>communionis</strong></span> <span class='ocrx_word' id='word_1_172' title='bbox 1510 2955 1620 3046; x_wconf 75' lang='lat' dir='ltr'><strong>nelina</strong></span> <span class='ocrx_word' id='word_1_173' title='bbox 1629 2953 1723 3050; x_wconf 79' lang='lat' dir='ltr'><strong>futat·</strong></span> 
     </span>
     <span class='ocr_line' id='line_1_20' title="bbox 273 3049 1727 3154; baseline -0.001 -24"><span class='ocrx_word' id='word_1_174' title='bbox 273 3078 375 3147; x_wconf 84' lang='lat' dir='ltr'><strong>„rum</strong></span> <span class='ocrx_word' id='word_1_175' title='bbox 394 3049 451 3152; x_wconf 77' lang='lat' dir='ltr'><strong>affe</strong></span> <span class='ocrx_word' id='word_1_176' title='bbox 473 3055 661 3148; x_wconf 60' lang='lat' dir='ltr'><strong>tamnen,</strong></span> <span class='ocrx_word' id='word_1_177' title='bbox 687 3054 859 3152; x_wconf 79' lang='lat' dir='ltr'><strong>q&#39;ni&#39;finins</strong></span> <span class='ocrx_word' id='word_1_178' title='bbox 874 3053 931 3154; x_wconf 80' lang='lat' dir='ltr'><strong>affe</strong></span> <span class='ocrx_word' id='word_1_179' title='bbox 951 3083 1013 3132; x_wconf 86' lang='lat' dir='ltr'><strong>nan</strong></span> <span class='ocrx_word' id='word_1_180' title='bbox 1028 3063 1136 3134; x_wconf 81' lang='lat' dir='ltr'><strong>anun</strong></span> <span class='ocrx_word' id='word_1_181' title='bbox 1153 3057 1359 3153; x_wconf 81' lang='lat' dir='ltr'><strong>disciplina.“</strong></span> <span class='ocrx_word' id='word_1_182' title='bbox 1408 3051 1566 3130; x_wconf 80' lang='lat' dir='ltr'><strong>Hilarius</strong></span> <span class='ocrx_word' id='word_1_183' title='bbox 1583 3053 1620 3127; x_wconf 84' lang='grc' dir='ltr'><strong>Ρ.</strong></span> <span class='ocrx_word' id='word_1_184' title='bbox 1645 3075 1727 3128; x_wconf 87' lang='lat' dir='ltr'><strong>con·</strong></span> 
     </span>
     <span class='ocr_line' id='line_1_21' title="bbox 274 3153 1730 3250; baseline -0.001 -22"><span class='ocrx_word' id='word_1_185' title='bbox 274 3169 330 3231; x_wconf 87' lang='lat' dir='ltr'><strong>tra</strong></span> <span class='ocrx_word' id='word_1_186' title='bbox 350 3157 593 3248; x_wconf 85' lang='lat' dir='ltr'><strong>provinciales</strong></span> <span class='ocrx_word' id='word_1_187' title='bbox 610 3153 809 3250; x_wconf 84' lang='lat' dir='ltr'><strong>Episcopos</strong></span> <span class='ocrx_word' id='word_1_188' title='bbox 829 3157 1090 3247; x_wconf 85' lang='lat' dir='ltr'><strong>stomachatur,</strong></span> <span class='ocrx_word' id='word_1_189' title='bbox 1116 3155 1215 3250; x_wconf 86' lang='lat' dir='ltr'><strong>quod</strong></span> <span class='ocrx_word' id='word_1_190' title='bbox 1234 3153 1400 3230; x_wconf 73' lang='lat' dir='ltr'><strong>Ecclesia</strong></span> <span class='ocrx_word' id='word_1_191' title='bbox 1422 3175 1582 3232; x_wconf 85' lang='lat' dir='ltr'><strong>canones</strong></span> <span class='ocrx_word' id='word_1_192' title='bbox 1600 3157 1730 3230; x_wconf 82' lang='lat' dir='ltr'><strong>relaxa·</strong></span> 
     </span>
     <span class='ocr_line' id='line_1_22' title="bbox 273 3253 1728 3354; baseline 0 -26"><span class='ocrx_word' id='word_1_193' title='bbox 273 3275 314 3330; x_wconf 87' lang='lat' dir='ltr'><strong>re</strong></span> <span class='ocrx_word' id='word_1_194' title='bbox 334 3253 611 3350; x_wconf 82' lang='lat' dir='ltr'><strong>presumserlm,</strong></span> <span class='ocrx_word' id='word_1_195' title='bbox 632 3257 809 3348; x_wconf 88' lang='lat' dir='ltr'><strong>jubetque</strong></span> <span class='ocrx_word' id='word_1_196' title='bbox 828 3261 935 3354; x_wconf 65' lang='lat' dir='ltr'><strong>*iila</strong></span> <span class='ocrx_word' id='word_1_197' title='bbox 968 3255 1053 3350; x_wconf 82' lang='lat' dir='ltr'><strong>„Ut</strong></span> <span class='ocrx_word' id='word_1_198' title='bbox 1069 3259 1159 3332; x_wconf 91' lang='lat' dir='ltr'><strong>nulli</strong></span> <span class='ocrx_word' id='word_1_199' title='bbox 1177 3255 1229 3334; x_wconf 84' lang='lat' dir='ltr'><strong>sas</strong></span> <span class='ocrx_word' id='word_1_200' title='bbox 1248 3255 1311 3344; x_wconf 80' lang='lat' dir='ltr'><strong>sat,</strong></span> <span class='ocrx_word' id='word_1_201' title='bbox 1337 3253 1514 3347; x_wconf 65' lang='lat' dir='ltr'><strong>inassatas</strong></span> <span class='ocrx_word' id='word_1_202' title='bbox 1523 3255 1581 3352; x_wconf 87' lang='lat' dir='ltr'><strong>sui</strong></span> <span class='ocrx_word' id='word_1_203' title='bbox 1593 3257 1728 3350; x_wconf 75' lang='lat' dir='ltr'><strong>perum</strong></span> 
     </span>
    </p>
   </div>
   <div class='ocr_carea' id='block_1_3' title="bbox 153 3353 1728 3450">
    <p class='ocr_par' dir='ltr' id='par_1_3' title="bbox 153 3353 1728 3450">
     <span class='ocr_line' id='line_1_23' title="bbox 153 3353 1728 3450; baseline 0.001 -24"><span class='ocrx_word' id='word_1_204' title='bbox 153 3409 156 3415; x_wconf 83' lang='lat'><em>.</em></span> <span class='ocrx_word' id='word_1_205' title='bbox 273 3358 365 3448; x_wconf 89' lang='lat' dir='ltr'><strong>„vel</strong></span> <span class='ocrx_word' id='word_1_206' title='bbox 391 3353 531 3428; x_wconf 88' lang='lat' dir='ltr'><strong>divinas</strong></span> <span class='ocrx_word' id='word_1_207' title='bbox 555 3353 858 3445; x_wconf 85' lang='lat' dir='ltr'><strong>constitutiones,</strong></span> <span class='ocrx_word' id='word_1_208' title='bbox 904 3359 963 3434; x_wconf 91' lang='lat' dir='ltr'><strong>vel</strong></span> <span class='ocrx_word' id='word_1_209' title='bbox 991 3357 1197 3450; x_wconf 84' lang='lat' dir='ltr'><strong>apostolieae</strong></span> <span class='ocrx_word' id='word_1_210' title='bbox 1223 3353 1324 3428; x_wconf 88' lang='lat' dir='ltr'><strong>Sedis</strong></span> <span class='ocrx_word' id='word_1_211' title='bbox 1357 3353 1502 3431; x_wconf 86' lang='lat' dir='ltr'><strong>decreta</strong></span> <span class='ocrx_word' id='word_1_212' title='bbox 1534 3367 1728 3443; x_wconf 82' lang='lat' dir='ltr'><strong>tetnerare,</strong></span> 
     </span>
    </p>
   </div>
   <div class='ocr_carea' id='block_1_4' title="bbox 230 3451 1738 4641">
    <p class='ocr_par' dir='ltr' id='par_1_4' title="bbox 230 3451 1738 4641">
     <span class='ocr_line' id='line_1_24' title="bbox 274 3451 1728 3550; baseline -0.001 -23"><span class='ocrx_word' id='word_1_213' title='bbox 274 3459 386 3550; x_wconf 74' lang='lat' dir='ltr'><strong>„quia</strong></span> <span class='ocrx_word' id='word_1_214' title='bbox 405 3475 494 3545; x_wconf 88' lang='lat' dir='ltr'><strong>nos,</strong></span> <span class='ocrx_word' id='word_1_215' title='bbox 517 3456 579 3546; x_wconf 79' lang='lat' dir='ltr'><strong>qui</strong></span> <span class='ocrx_word' id='word_1_216' title='bbox 599 3452 764 3550; x_wconf 87' lang='lat' dir='ltr'><strong>potiffimi</strong></span> <span class='ocrx_word' id='word_1_217' title='bbox 782 3454 986 3530; x_wconf 78' lang='lat' dir='ltr'><strong>sacerdotis</strong></span> <span class='ocrx_word' id='word_1_218' title='bbox 1008 3454 1287 3532; x_wconf 85' lang='lat' dir='ltr'><strong>administramus</strong></span> <span class='ocrx_word' id='word_1_219' title='bbox 1308 3451 1447 3541; x_wconf 87' lang='lat' dir='ltr'><strong>officia,</strong></span> <span class='ocrx_word' id='word_1_220' title='bbox 1474 3456 1597 3528; x_wconf 88' lang='lat' dir='ltr'><strong>talium</strong></span> <span class='ocrx_word' id='word_1_221' title='bbox 1619 3471 1728 3528; x_wconf 88' lang='lat' dir='ltr'><strong>trans·</strong></span> 
     </span>
     <span class='ocr_line' id='line_1_25' title="bbox 242 3551 1728 3650; baseline -0.001 -22"><span class='ocrx_word' id='word_1_222' title='bbox 242 3621 246 3628; x_wconf 86' lang='lat'>.</span> <span class='ocrx_word' id='word_1_223' title='bbox 274 3552 515 3650; x_wconf 84' lang='lat' dir='ltr'><strong>„grellionum</strong></span> <span class='ocrx_word' id='word_1_224' title='bbox 533 3558 640 3646; x_wconf 90' lang='lat' dir='ltr'><strong>culpa</strong></span> <span class='ocrx_word' id='word_1_225' title='bbox 658 3551 842 3646; x_wconf 83' lang='lat' dir='ltr'><strong>respiciet,</strong></span> <span class='ocrx_word' id='word_1_226' title='bbox 867 3553 946 3630; x_wconf 88' lang='lat' dir='ltr'><strong>srin</strong></span> <span class='ocrx_word' id='word_1_227' title='bbox 967 3553 1087 3629; x_wconf 84' lang='lat' dir='ltr'><strong>caudis</strong></span> <span class='ocrx_word' id='word_1_228' title='bbox 1105 3557 1177 3630; x_wconf 90' lang='lat' dir='ltr'><strong>Dei</strong></span> <span class='ocrx_word' id='word_1_229' title='bbox 1199 3553 1334 3628; x_wconf 74' lang='lat' dir='ltr'><strong>desides</strong></span> <span class='ocrx_word' id='word_1_230' title='bbox 1357 3553 1527 3628; x_wconf 89' lang='lat' dir='ltr'><strong>fuerimus</strong></span> <span class='ocrx_word' id='word_1_231' title='bbox 1544 3554 1728 3628; x_wconf 84' lang='lat' dir='ltr'><strong>inventi.“</strong></span> 
     </span>
     <span class='ocr_line' id='line_1_26' title="bbox 276 3651 1726 3747; baseline 0.001 -22"><span class='ocrx_word' id='word_1_232' title='bbox 276 3651 437 3726; x_wconf 83' lang='lat' dir='ltr'><strong>Gelasius</strong></span> <span class='ocrx_word' id='word_1_233' title='bbox 455 3651 492 3724; x_wconf 82' lang='lat' dir='ltr'><strong>P.</strong></span> <span class='ocrx_word' id='word_1_234' title='bbox 515 3654 746 3726; x_wconf 75' lang='lat' dir='ltr'><strong>inexorabilis</strong></span> <span class='ocrx_word' id='word_1_235' title='bbox 766 3651 835 3727; x_wconf 86' lang='lat' dir='ltr'><strong>stat</strong></span> <span class='ocrx_word' id='word_1_236' title='bbox 851 3676 918 3746; x_wconf 92' lang='lat' dir='ltr'><strong>pro</strong></span> <span class='ocrx_word' id='word_1_237' title='bbox 939 3674 1120 3732; x_wconf 87' lang='lat' dir='ltr'><strong>canonum</strong></span> <span class='ocrx_word' id='word_1_238' title='bbox 1145 3653 1377 3741; x_wconf 79' lang='lat' dir='ltr'><strong>defensione,</strong></span> <span class='ocrx_word' id='word_1_239' title='bbox 1403 3675 1450 3726; x_wconf 89' lang='lat' dir='ltr'><strong>nc</strong></span> <span class='ocrx_word' id='word_1_240' title='bbox 1466 3652 1726 3747; x_wconf 77' lang='lat' dir='ltr'><strong>Episcoporum</strong></span> 
     </span>
     <span class='ocr_line' id='line_1_27' title="bbox 276 3750 1725 3842; baseline -0.001 -16"><span class='ocrx_word' id='word_1_241' title='bbox 276 3752 424 3826; x_wconf 89' lang='lat' dir='ltr'><strong>licentia</strong></span> <span class='ocrx_word' id='word_1_242' title='bbox 445 3750 680 3825; x_wconf 88' lang='lat' dir='ltr'><strong>dissolvantur</strong></span> <span class='ocrx_word' id='word_1_243' title='bbox 697 3755 819 3842; x_wconf 54' lang='lat' dir='ltr'><strong>*lilla</strong></span> <span class='ocrx_word' id='word_1_244' title='bbox 846 3751 965 3842; x_wconf 85' lang='lat' dir='ltr'><strong>„Cum</strong></span> <span class='ocrx_word' id='word_1_245' title='bbox 988 3753 1093 3826; x_wconf 90' lang='lat' dir='ltr'><strong>nobis</strong></span> <span class='ocrx_word' id='word_1_246' title='bbox 1115 3767 1242 3828; x_wconf 80' lang='lat' dir='ltr'><strong>contm</strong></span> <span class='ocrx_word' id='word_1_247' title='bbox 1261 3754 1461 3826; x_wconf 89' lang='lat' dir='ltr'><strong>salutarium</strong></span> <span class='ocrx_word' id='word_1_248' title='bbox 1485 3755 1725 3826; x_wconf 86' lang='lat' dir='ltr'><strong>reverentiam</strong></span> 
     </span>
     <span class='ocr_line' id='line_1_28' title="bbox 276 3849 1738 3946; baseline 0 -22"><span class='ocrx_word' id='word_1_249' title='bbox 276 3852 505 3946; x_wconf 52' lang='lat' dir='ltr'><strong>„regularum</strong></span> <span class='ocrx_word' id='word_1_250' title='bbox 526 3851 709 3944; x_wconf 79' lang='lat' dir='ltr'><strong>cupiamus</strong></span> <span class='ocrx_word' id='word_1_251' title='bbox 731 3864 868 3926; x_wconf 86' lang='lat' dir='ltr'><strong>temere</strong></span> <span class='ocrx_word' id='word_1_252' title='bbox 890 3854 978 3927; x_wconf 90' lang='lat' dir='ltr'><strong>nihil</strong></span> <span class='ocrx_word' id='word_1_253' title='bbox 1000 3855 1129 3942; x_wconf 84' lang='lat' dir='ltr'><strong>licere,</strong></span> <span class='ocrx_word' id='word_1_254' title='bbox 1168 3853 1207 3930; x_wconf 78' lang='lat' dir='ltr'><strong>da.</strong></span> <span class='ocrx_word' id='word_1_255' title='bbox 1226 3851 1306 3944; x_wconf 86' lang='lat' dir='ltr'><strong>cum</strong></span> <span class='ocrx_word' id='word_1_256' title='bbox 1327 3851 1437 3926; x_wconf 87' lang='lat' dir='ltr'><strong>Sedes</strong></span> <span class='ocrx_word' id='word_1_257' title='bbox 1459 3849 1652 3944; x_wconf 88' lang='lat' dir='ltr'><strong>apostolica</strong></span> <span class='ocrx_word' id='word_1_258' title='bbox 1678 3849 1738 3926; x_wconf 86' lang='lat' dir='ltr'><strong>su·.</strong></span> 
     </span>
     <span class='ocr_line' id='line_1_29' title="bbox 277 3945 1727 4047; baseline 0.001 -25"><span class='ocrx_word' id='word_1_259' title='bbox 277 3971 371 4044; x_wconf 84' lang='lat' dir='ltr'><strong>„per</strong></span> <span class='ocrx_word' id='word_1_260' title='bbox 391 3950 444 4025; x_wconf 87' lang='lat' dir='ltr'><strong>his</strong></span> <span class='ocrx_word' id='word_1_261' title='bbox 466 3951 634 4024; x_wconf 89' lang='lat' dir='ltr'><strong>omuibus</strong></span> <span class='ocrx_word' id='word_1_262' title='bbox 654 3949 804 4024; x_wconf 85' lang='lat' dir='ltr'><strong>favente</strong></span> <span class='ocrx_word' id='word_1_263' title='bbox 822 3949 928 4044; x_wconf 84' lang='lat' dir='ltr'><strong>Deo,</strong></span> <span class='ocrx_word' id='word_1_264' title='bbox 967 3971 1045 4045; x_wconf 77' lang='lat' dir='ltr'><strong>que</strong></span> <span class='ocrx_word' id='word_1_265' title='bbox 1069 3945 1446 4047; x_wconf 85' lang='lat' dir='ltr'><strong>paternis&#39;canonibus</strong></span> <span class='ocrx_word' id='word_1_266' title='bbox 1470 3951 1550 4034; x_wconf 89' lang='lat' dir='ltr'><strong>sunt</strong></span> <span class='ocrx_word' id='word_1_267' title='bbox 1572 3947 1727 4046; x_wconf 79' lang='lat' dir='ltr'><strong>prefixa,</strong></span> 
     </span>
     <span class='ocr_line' id='line_1_30' title="bbox 278 4047 1727 4147; baseline -0.001 -24"><span class='ocrx_word' id='word_1_268' title='bbox 278 4051 370 4144; x_wconf 86' lang='lat' dir='ltr'><strong>„pio</strong></span> <span class='ocrx_word' id='word_1_269' title='bbox 395 4048 609 4140; x_wconf 87' lang='lat' dir='ltr'><strong>devotoque</strong></span> <span class='ocrx_word' id='word_1_270' title='bbox 630 4047 769 4124; x_wconf 89' lang='lat' dir='ltr'><strong>studeat</strong></span> <span class='ocrx_word' id='word_1_271' title='bbox 792 4065 918 4126; x_wconf 90' lang='lat' dir='ltr'><strong>tenere</strong></span> <span class='ocrx_word' id='word_1_272' title='bbox 943 4054 1152 4145; x_wconf 73' lang='lat' dir='ltr'><strong>propositoe</strong></span> <span class='ocrx_word' id='word_1_273' title='bbox 1192 4051 1271 4126; x_wconf 91' lang='lat' dir='ltr'><strong>satis</strong></span> <span class='ocrx_word' id='word_1_274' title='bbox 1288 4051 1473 4147; x_wconf 85' lang='lat' dir='ltr'><strong>indignum</strong></span> <span class='ocrx_word' id='word_1_275' title='bbox 1498 4047 1568 4139; x_wconf 87' lang='lat' dir='ltr'><strong>eli,</strong></span> <span class='ocrx_word' id='word_1_276' title='bbox 1609 4069 1727 4143; x_wconf 87' lang='lat' dir='ltr'><strong>quem·</strong></span> 
     </span>
     <span class='ocr_line' id='line_1_31' title="bbox 277 4147 1725 4245; baseline -0.003 -19"><span class='ocrx_word' id='word_1_277' title='bbox 277 4171 415 4242; x_wconf 85' lang='lat' dir='ltr'><strong>„quam</strong></span> <span class='ocrx_word' id='word_1_278' title='bbox 432 4151 491 4221; x_wconf 91' lang='lat' dir='ltr'><strong>vel</strong></span> <span class='ocrx_word' id='word_1_279' title='bbox 511 4147 722 4241; x_wconf 82' lang='lat' dir='ltr'><strong>Pontificum,</strong></span> <span class='ocrx_word' id='word_1_280' title='bbox 749 4153 807 4222; x_wconf 88' lang='lat' dir='ltr'><strong>vel</strong></span> <span class='ocrx_word' id='word_1_281' title='bbox 830 4153 998 4226; x_wconf 90' lang='lat' dir='ltr'><strong>ordinum</strong></span> <span class='ocrx_word' id='word_1_282' title='bbox 1018 4151 1304 4245; x_wconf 84' lang='lat' dir='ltr'><strong>subsequentium</strong></span> <span class='ocrx_word' id='word_1_283' title='bbox 1322 4151 1415 4234; x_wconf 85' lang='lat' dir='ltr'><strong>hanc</strong></span> <span class='ocrx_word' id='word_1_284' title='bbox 1435 4149 1725 4227; x_wconf 86' lang='lat' dir='ltr'><strong>observationem</strong></span> 
     </span>
     <span class='ocr_line' id='line_1_32' title="bbox 230 4247 1729 4349; baseline -0.001 -28"><span class='ocrx_word' id='word_1_285' title='bbox 230 4330 253 4349; x_wconf 16' lang='grc' dir='ltr'><strong>,ι</strong></span> <span class='ocrx_word' id='word_1_286' title='bbox 278 4249 485 4342; x_wconf 77' lang='lat' dir='ltr'><strong>‚‚refutare⁸‚</strong></span> <span class='ocrx_word' id='word_1_287' title='bbox 518 4269 621 4341; x_wconf 89' lang='lat' dir='ltr'><strong>quam</strong></span> <span class='ocrx_word' id='word_1_288' title='bbox 640 4248 680 4320; x_wconf 88' lang='grc' dir='ltr'><strong>Β.</strong></span> <span class='ocrx_word' id='word_1_289' title='bbox 691 4247 784 4323; x_wconf 85' lang='lat' dir='ltr'><strong>Petri</strong></span> <span class='ocrx_word' id='word_1_290' title='bbox 800 4247 928 4324; x_wconf 85' lang='lat' dir='ltr'><strong>Sedem</strong></span> <span class='ocrx_word' id='word_1_291' title='bbox 948 4249 1042 4340; x_wconf 83' lang='lat' dir='ltr'><strong>sequi</strong></span> <span class='ocrx_word' id='word_1_292' title='bbox 1065 4254 1206 4339; x_wconf 88' lang='lat' dir='ltr'><strong>videat,</strong></span> <span class='ocrx_word' id='word_1_293' title='bbox 1241 4250 1443 4323; x_wconf 66' lang='lat' dir='ltr'><strong>&amp;docem</strong></span> <span class='ocrx_word' id='word_1_294' title='bbox 1477 4249 1628 4340; x_wconf 88' lang='lat' dir='ltr'><strong>satisque</strong></span> <span class='ocrx_word' id='word_1_295' title='bbox 1644 4267 1729 4322; x_wconf 90' lang='lat' dir='ltr'><strong>con·</strong></span> 
     </span>
     <span class='ocr_line' id='line_1_33' title="bbox 279 4347 1727 4445; baseline 0.003 -29"><span class='ocrx_word' id='word_1_296' title='bbox 279 4353 460 4439; x_wconf 87' lang='lat' dir='ltr'><strong>„veniens</strong></span> <span class='ocrx_word' id='word_1_297' title='bbox 477 4349 532 4437; x_wconf 88' lang='lat' dir='ltr'><strong>srt,</strong></span> <span class='ocrx_word' id='word_1_298' title='bbox 557 4361 599 4445; x_wconf 89' lang='lat' dir='ltr'><strong>ut</strong></span> <span class='ocrx_word' id='word_1_299' title='bbox 615 4361 734 4421; x_wconf 90' lang='lat' dir='ltr'><strong>totum</strong></span> <span class='ocrx_word' id='word_1_300' title='bbox 751 4368 881 4442; x_wconf 88' lang='lat' dir='ltr'><strong>corpus</strong></span> <span class='ocrx_word' id='word_1_301' title='bbox 898 4349 1064 4424; x_wconf 83' lang='lat' dir='ltr'><strong>Ecclesrae</strong></span> <span class='ocrx_word' id='word_1_302' title='bbox 1081 4352 1117 4426; x_wconf 92' lang='lat' dir='ltr'><strong>in</strong></span> <span class='ocrx_word' id='word_1_303' title='bbox 1134 4352 1201 4425; x_wconf 87' lang='lat' dir='ltr'><strong>hac</strong></span> <span class='ocrx_word' id='word_1_304' title='bbox 1219 4349 1356 4422; x_wconf 79' lang='lat' dir='ltr'><strong>ibimet</strong></span> <span class='ocrx_word' id='word_1_305' title='bbox 1373 4347 1629 4422; x_wconf 84' lang='lat' dir='ltr'><strong>observatione</strong></span> <span class='ocrx_word' id='word_1_306' title='bbox 1644 4367 1727 4420; x_wconf 89' lang='lat' dir='ltr'><strong>con·</strong></span> 
     </span>
     <span class='ocr_line' id='line_1_34' title="bbox 277 4445 1729 4542; baseline -0.001 -22"><span class='ocrx_word' id='word_1_307' title='bbox 277 4447 460 4538; x_wconf 86' lang='lat' dir='ltr'><strong>„cordet,</strong></span> <span class='ocrx_word' id='word_1_308' title='bbox 497 4467 604 4540; x_wconf 88' lang='lat' dir='ltr'><strong>quam</strong></span> <span class='ocrx_word' id='word_1_309' title='bbox 628 4450 703 4520; x_wconf 91' lang='lat' dir='ltr'><strong>illic</strong></span> <span class='ocrx_word' id='word_1_310' title='bbox 731 4449 854 4542; x_wconf 83' lang='lat' dir='ltr'><strong>vigere</strong></span> <span class='ocrx_word' id='word_1_311' title='bbox 878 4449 1097 4541; x_wconf 87' lang='lat' dir='ltr'><strong>conspiciat,</strong></span> <span class='ocrx_word' id='word_1_312' title='bbox 1135 4453 1196 4524; x_wconf 89' lang='lat' dir='ltr'><strong>ubi</strong></span> <span class='ocrx_word' id='word_1_313' title='bbox 1219 4447 1400 4521; x_wconf 89' lang='lat' dir='ltr'><strong>Dominus</strong></span> <span class='ocrx_word' id='word_1_314' title='bbox 1428 4450 1542 4520; x_wconf 90' lang='lat' dir='ltr'><strong>totius</strong></span> <span class='ocrx_word' id='word_1_315' title='bbox 1564 4445 1729 4522; x_wconf 72' lang='lat' dir='ltr'><strong>Ecclesia</strong></span> 
     </span>
     <span class='ocr_line' id='line_1_35' title="bbox 277 4544 1729 4641; baseline -0.001 -23"><span class='ocrx_word' id='word_1_316' title='bbox 277 4546 426 4638; x_wconf 86' lang='lat' dir='ltr'><strong>„posuit</strong></span> <span class='ocrx_word' id='word_1_317' title='bbox 446 4544 728 4641; x_wconf 80' lang='lat' dir='ltr'><strong>Principatnrn.“</strong></span> <span class='ocrx_word' id='word_1_318' title='bbox 775 4545 900 4638; x_wconf 87' lang='lat' dir='ltr'><strong>Siqua</strong></span> <span class='ocrx_word' id='word_1_319' title='bbox 922 4551 1036 4622; x_wconf 87' lang='lat' dir='ltr'><strong>virtus</strong></span> <span class='ocrx_word' id='word_1_320' title='bbox 1059 4554 1226 4622; x_wconf 79' lang='lat' dir='ltr'><strong>tolerantia</strong></span> <span class='ocrx_word' id='word_1_321' title='bbox 1246 4545 1321 4635; x_wconf 81' lang='lat' dir='ltr'><strong>est3</strong></span> <span class='ocrx_word' id='word_1_322' title='bbox 1357 4545 1434 4638; x_wconf 87' lang='lat' dir='ltr'><strong>quis</strong></span> <span class='ocrx_word' id='word_1_323' title='bbox 1456 4569 1533 4620; x_wconf 91' lang='lat' dir='ltr'><strong>eam</strong></span> <span class='ocrx_word' id='word_1_324' title='bbox 1551 4548 1729 4620; x_wconf 89' lang='lat' dir='ltr'><strong>recentio-</strong></span> 
     </span>
    </p>
   </div>
   <div class='ocr_carea' id='block_1_5' title="bbox 278 4641 1729 5109">
    <p class='ocr_par' dir='ltr' id='par_1_5' title="bbox 278 4641 1729 4744">
     <span class='ocr_line' id='line_1_36' title="bbox 278 4641 1729 4744; baseline 0 -26"><span class='ocrx_word' id='word_1_325' title='bbox 278 4665 357 4719; x_wconf 91' lang='lat' dir='ltr'><strong>rum</strong></span> <span class='ocrx_word' id='word_1_326' title='bbox 379 4641 594 4719; x_wconf 86' lang='lat' dir='ltr'><strong>Pontificum</strong></span> <span class='ocrx_word' id='word_1_327' title='bbox 616 4667 692 4719; x_wconf 93' lang='lat' dir='ltr'><strong>non</strong></span> <span class='ocrx_word' id='word_1_328' title='bbox 718 4647 950 4722; x_wconf 85' lang='lat' dir='ltr'><strong>commendet</strong></span> <span class='ocrx_word' id='word_1_329' title='bbox 975 4669 1048 4742; x_wconf 75' lang='lat' dir='ltr'><strong>prae</strong></span> <span class='ocrx_word' id='word_1_330' title='bbox 1070 4650 1131 4723; x_wconf 89' lang='lat' dir='ltr'><strong>illa</strong></span> <span class='ocrx_word' id='word_1_331' title='bbox 1151 4663 1315 4722; x_wconf 89' lang='lat' dir='ltr'><strong>veterum</strong></span> <span class='ocrx_word' id='word_1_332' title='bbox 1337 4645 1628 4722; x_wconf 77' lang='lat' dir='ltr'><strong>Anteilrdoriaoa</strong></span> <span class='ocrx_word' id='word_1_333' title='bbox 1651 4663 1729 4744; x_wconf 85' lang='lat' dir='ltr'><strong>erga</strong></span> 
     </span>
    </p>

    <p class='ocr_par' dir='ltr' id='par_1_6' title="bbox 278 4740 1683 4838">
     <span class='ocr_line' id='line_1_37' title="bbox 278 4740 1683 4838; baseline 0.002 -23"><span class='ocrx_word' id='word_1_334' title='bbox 278 4741 477 4838; x_wconf 88' lang='lat' dir='ltr'><strong>Episcopos</strong></span> <span class='ocrx_word' id='word_1_335' title='bbox 500 4740 722 4819; x_wconf 71' lang='lat' dir='ltr'><strong>severitates</strong></span> <span class='ocrx_word' id='word_1_336' title='bbox 1575 4751 1683 4838; x_wconf 57' lang='lat'>§³40¹</span> 
     </span>
    </p>

    <p class='ocr_par' dir='ltr' id='par_1_7' title="bbox 280 4877 1713 5109">
     <span class='ocr_line' id='line_1_38' title="bbox 280 4877 1713 5016; baseline 0.001 -22"><span class='ocrx_word' id='word_1_337' title='bbox 280 4877 949 5011; x_wconf 49' lang='grc' dir='ltr'><strong>ᾝΜΜΡ-ωῖκῖᾶ</strong></span> <span class='ocrx_word' id='word_1_338' title='bbox 962 4934 1119 5014; x_wconf 78' lang='lat' dir='ltr'><strong>Calapriae.</strong></span> <span class='ocrx_word' id='word_1_339' title='bbox 1237 4935 1285 5016; x_wconf 79' lang='lat'><strong>⁸⁸)</strong></span> <span class='ocrx_word' id='word_1_340' title='bbox 1306 4916 1450 5012; x_wconf 80' lang='lat' dir='ltr'><strong>Epist.ad</strong></span> <span class='ocrx_word' id='word_1_341' title='bbox 1464 4931 1602 5012; x_wconf 74' lang='lat' dir='ltr'><strong>episcop.</strong></span> <span class='ocrx_word' id='word_1_342' title='bbox 1615 4933 1713 4996; x_wconf 65' lang='lat' dir='ltr'><strong>italic.</strong></span> 
     </span>
     <span class='ocr_line' id='line_1_39' title="bbox 312 5015 1299 5109; baseline 0.009 -35"><span class='ocrx_word' id='word_1_343' title='bbox 312 5019 391 5109; x_wconf 29' lang='lat' dir='ltr'><strong>rm)</strong></span> <span class='ocrx_word' id='word_1_344' title='bbox 413 5018 461 5077; x_wconf 74' lang='lat' dir='ltr'><strong>nd</strong></span> <span class='ocrx_word' id='word_1_345' title='bbox 478 5015 614 5090; x_wconf 78' lang='lat' dir='ltr'><strong>Episcop.</strong></span> <span class='ocrx_word' id='word_1_346' title='bbox 630 5016 788 5092; x_wconf 78' lang='lat' dir='ltr'><strong>Hispanias.</strong></span> <span class='ocrx_word' id='word_1_347' title='bbox 906 5023 988 5104; x_wconf 67' lang='grc' dir='ltr'><strong>ω*)</strong></span> <span class='ocrx_word' id='word_1_348' title='bbox 1006 5021 1045 5080; x_wconf 56' lang='lat' dir='ltr'><strong>,ln</strong></span> <span class='ocrx_word' id='word_1_349' title='bbox 1060 5019 1204 5081; x_wconf 77' lang='lat' dir='ltr'><strong>uenena.</strong></span> <span class='ocrx_word' id='word_1_350' title='bbox 1222 5017 1299 5101; x_wconf 64' lang='grc' dir='ltr'><strong>(λῃ.</strong></span> 
     </span>
    </p>
   </div>
   <div class='ocr_carea' id='block_1_6' title="bbox 0 0 1998 6132">
    <p class='ocr_par' dir='ltr' id='par_1_8' title="bbox 0 0 1998 6132">
     <span class='ocr_line' id='line_1_40' title="bbox 0 0 1998 6132; baseline 0 0"><span class='ocrx_word' id='word_1_351' title='bbox 0 0 1998 6132; x_wconf 95' lang='lat' dir='ltr'><strong> </strong></span> 
     </span>
    </p>
   </div>
  </div>
 </body>
</html>
