3942 6134
200 1048 204 1062 s
318 1072 392 1150 194
842 1054 1180 1121 m·

270 1229 438 1324 siluere,
478 1226 700 1326 horumque,
739 1230 793 1307 uti
814 1227 847 1307 dr
869 1232 1013 1310 illorum
1029 1214 1420 1330 iurisdidiionilimltes
1439 1252 1579 1331 ponere
1601 1228 1646 1308 ad
1667 1233 1741 1309 au-'
1875 1311 1876 1320 Ν

274 1333 481 1407 thoritatem
502 1332 642 1407 &Petri
666 1335 845 1429 pertinere
868 1332 1092 1411 credebatur.
1143 1336 1242 1413 Non·
1261 1336 1613 1416 defuitsummornm
1636 1332 1736 1410 Pon·

274 1429 411 1505 silicum
437 1454 541 1522 cura,
576 1452 649 1526 quo
674 1436 829 1527 majores
851 1430 967 1517 adhuc
995 1435 1195 1531 progressus
1221 1437 1345 1511 divina
1366 1434 1515 1531 Religio
1549 1436 1585 1508 iu
1614 1432 1745 1515 nostra

272 1528 465 1607 Germania
492 1532 645 1607 faceret:
683 1534 768 1607 hinc
795 1552 916 1606 novos
944 1536 1126 1627 prioribus
1160 1536 1393 1613 submiserunt
1419 1535 1639 1631 Delegatos,
1681 1534 1738 1609 iu·
1788 1532 1794 1539 “

199 1684 204 1689 -
274 1642 331 1705 ter
349 1652 439 1725 quos
458 1634 657 1729 praecipuus
678 1634 859 1707 eminebat
878 1632 1132 1708 §.Bonifatius
1153 1656 1336 1711 novorum
1356 1632 1635 1729 Episcopatuum
1649 1643 1742 1707 *eree

204 1812 207 1819 ,
273 1726 371 1821 sior,
397 1750 549 1823 quorum
567 1730 1016 1807 confirmationemlitteris
1031 1730 1150 1829 al’apa
1167 1739 1291 1831 petiit,
1320 1736 1546 1827 atqueetiam
1562 1748 1603 1804 ut
1617 1730 1743 1823 cuius-

274 1830 366 1904 libet
384 1828 547 1924 Episcopi
566 1832 696 1905 limites
713 1829 960 1907 definirentur.
1011 1826 1197 1909 Zacharias
1217 1834 1253 1909 Ρ.
1272 1854 1393 1935 nonos
1411 1833 1525 1907 hosce
1538 1830 1739 1927 Episcopa-

275 1942 333 2003 tus
355 1928 605 2024 confirmauit,
632 1951 667 2005 at
688 1937 723 2006 iu
744 1928 892 2025 epistola
916 1930 960 2004 ad
978 1932 1220 2009 Burchardutn
1239 1929 1586 2029 wirtzeburgensem
1607 1932 1740 2025 prohi-

252 2031 377 2127 buit,
412 2054 451 2103 nc
469 2038 539 2125 puis
553 2036 636 2106 alius
647 2047 763 2129 prater
782 2031 878 2127 Papia
902 2033 1125 2110 Virmiuutr'll
1142 2034 1307 2133 Episcopo
1325 2037 1445 2108 ordinet
1470 2037 1527 2119 a),
1573 2026 1641 2104 Ex·
1655 2051 1738 2123 quo

277 2124 426 2202 decreto
439 2130 566 2205 iterum
582 2133 810 2225 apparet,·in
830 2130 1021 2205 Germania
1035 2134 1096 2205 vel
1110 2138 1154 2206 ab
1166 2136 1239 2229 ipsa
1251 2134 1388 2229 origine
1399 2129 1659 2227 Episcoporu'm
1673 2149 1749 2203 ort

276 2227 517 2318 diuatlonem‚
545 2247 605 2303 aut
625 2228 934 2307 confirmationem
953 2248 1028 2305 non
1046 2232 1092 2319 ad
1109 2232 1390 2331 Metropolitae,
1416 2231 1475 2305 sed
1491 2230 1537 2304 ad
1555 2230 1740 2305 summum

278 2322 729 2441 Pontificerqrertinuiise.
905 2330 909 2333 ’
1487 2334 1492 2341 ’
1695 2356 1699 2359 ·
1801 2347 1806 2357 ·

937 2507 974 2622 i·
1010 2529 1074 2618 15·
1106 2569 1115 2629 ·.
1175 2628 1182 2639 ,
1560 2604 1573 2615 .

423 2642 606 2721 Haslenus
636 2646 720 2722 uilo
754 2652 871 2743 priora
899 2647 1066 2723 Ecclesia
1098 2648 1222 2725 secula.
1241 2662 1393 2725 tantum·
1412 2648 1533 2723 obiter
1559 2650 1742 2743 percurri,

277 2745 378 2839 queis
398 2748 457 2819 vel
481 2746 561 2840 ipso¹
581 2746 607 2821 F
609 2750 762 2822 ebrunio
784 2746 1010 2821 contestante
1025 2747 1139 2840 iustos
1160 2752 1252 2824 intra
1275 2752 1407 2824 limites
1428 2744 1613 2845 pontificia
1631 2748 1744 2841 juris·

277 2845 385 2919 dislio
414 2848 694 2938 continebatur,
738 2861 868 2940 utpote
902 2847 999 2922 salsis
1023 2848 1262 2923 decretalibus
1294 2850 1456 2923 nondum
1487 2848 1741 2923 existentibus.

276 2942 435 3019 Unicum
457 2946 573 3030 adhuc
594 2966 761 3021 expono
785 2946 906 3020 seculo
929 2950 1134 3041 exemplum
1155 2968 1276 3045 grace
1293 2946 1459 3023 Ecclesia
1475 2947 1570 3021 haud
1591 2946 1742 3041 pulsum

276 3050 483 3140 preterire,
522 3061 601 3121 tum
618 3048 698 3139 quia
718 3048 766 3119 ibi
790 3047 905 3121 adhuc
926 3050 1034 3139 plane
1052 3048 1248 3145 incognita
1262 3048 1413 3125 fueraut
1433 3046 1555 3124 Isidori
1578 3066 1741 3140 merces,

165 3206 170 3215 .
266 3156 353 3219 ,tum
374 3146 454 3237 quia
471 3143 562 3221 falsis
580 3144 719 3221 istarum
738 3143 948 3241 prejudiciis
964 3147 1113 3238 omnes,
1140 3146 1246 3223 etiam
1254 3147 1428 3223 Orientis
1447 3146 1621 3222 Ecclesiae
1642 3168 1740 3239 prae·

276 3256 333 3317 ter
350 3242 622 3321 Occidentalem
646 3244 746 3319 fuisse
770 3244 959 3340 deceptas,
986 3268 1031 3320 ne
1048 3232 1264 3323 Febrout'ani
1287 3248 1430 3341 quidem
1450 3246 1560 3321 nostri
1580 3244 1751 3320 asserere

277 3339 473 3417 audebrint.
524 3346 583 3417 Ad
611 3364 738 3419 uotum
767 3346 887 3437 itaque
913 3346 1031 3418 Photii
1061 3346 1204 3421 schisma
1231 3350 1357 3427 venio.
1408 3346 1499 3421 Cum
1523 3345 1556 3419 S.
1575 3343 1745 3441 ignatius

275 3439 695 3537 constantinopolitanus
730 3444 925 3519 Patriarcha
965 3433 1134 3519 Cesaram
1160 3446 1305 3520 Bardani
1339 3451 1389 3520 ob
1426 3452 1512 3519 vitae
1536 3446 1753 3519 inhonesta

276 3540 438 3616 scandala
457 3535 715 3616 communione
736 3540 850 3639 sanita
871 3541 1059 3637 privaffet3
1097 3547 1127 3617 is
1147 3544 1271 3619 surore
1293 3543 1460 3621 adversus
1476 3544 1652 3619 &Virum
1679 3566 1745 3620 ex·
1882 3580 1883 3593 ÷

177 3643 179 3654 '
274 3620 682 3739 ardescensConcilium
702 3645 946 3731 convocavit,
971 3643 1009 3716 iu
1025 3663 1098 3735 quo
1114 3640 1301 3737 Episcopi,
1328 3660 1439 3740 prout
1455 3644 1629 3741 sepejam
1647 3661 1748 3725 eon·
1767 3698 1771 3703 ·

277 3740 380 3837 tigit,
416 3740 601 3815 mundano
626 3742 753 3816 favore
776 3743 869 3833 capti
888 3738 1091 3817 ¹l'atriarcha
1110 3741 1277 3837 depofito
1296 3740 1483 3836 Phanou,
1520 3743 1582 3819 etii
1600 3745 1746 3837 laicum

276 3838 461 3915 hominem
480 3842 676 3935 elegerunt·
727 3838 782 3913 Ut
798 3836 898 3913 Sedis
919 3840 985 3913 suae
1002 3838 1160 3917 firmitati
1177 3842 1381 3930 consuleret
1398 3844 1547 3919 Photius
1561 3850 1587 3934 ,'
1610 3841 1659 3917 ad
1683 3866 1748 3919 ro·

276 3958 420 4023 marruci
432 3934 643 4014 Pontificem
654 3941 809 4039 Legatos
823 3938 1366 4039 misrt'quatuorhlletropolitas,
1392 3943 1605 4018 elediionent
1621 3942 1744 4035 suam,

279 4038 455 4137 &Ignatii
476 4039 739 4131 depositionem
762 4034 886 4113 Romae
909 4042 1155 4116 nunciaturus.
1193 4040 1374 4117 *Pontifex
1395 4041 1601 4118 Nicolausl
1626 4044 1745 4137 hujus

277 4144 330 4215 rei
352 4138 519 4213 novitate
543 4156 669 4215 contra
690 4138 857 4215 Ecctenae
878 4134 1047 4215 Capones
1071 4141 1191 4220 audita
1217 4140 1360 4215 duobus
1382 4164 1402 4217 a
1421 4137 1460 4217 ¹se
1479 4138 1749 4217 Constantino·
1772 4166 1781 4176 ·

221 4280 224 4287 ι
280 4242 382 4335 polin
406 4238 589 4335 Delegatis
615 4244 810 4333 precepit,
848 4252 889 4311 ut
907 4237 1058 4333 synodo
1082 4238 1212 4313 indiiia
1231 4244 1407 4315 canonice
1428 4244 1467 4318 iu
1486 4262 1561 4316 rem
1581 4238 1753 4334 induite·

278 4356 380 4429 tent,
408 4338 541 4429 sibique
559 4352 671 4413 totam
689 4340 951 4412 renunciarent.
1003 4336 1151 4434 Insuper
1172 4339 1215 4412 ad
1235 4338 1453 4415 Michaelem
1470 4337 1747 4436 imperatorem

280 4436 466 4531 epistolam
485 4436 604 4529 dedit,
631 4443 666 4513 iu
685 4440 1017 4537 quacumquelitur,
1044 4438 1136 4513 sacra
1149 4437 1244 4513 Sede
1261 4438 1462 4515 inconsulta
1479 4438 1751 4516 Constantino·

279 4540 446 4638 politano
468 4538 505 4609 in
522 4536 691 4612 Concilio
708 4534 883 4633 Ignatium
909 4534 1011 4611 fuisse
1036 4536 1260 4631 depositum,
1293 4539 1392 4614 Laici
1417 4560 1562 4633 quoque
1578 4539 1752 4615 saeuio-

279 4662 362 4720 nem
386 4636 638 4731 reprehendit,
679 4636 778 4730 quod
796 4648 921 4709 contra
940 4638 1209 4729 conciliorum,
1244 4638 1356 4714 &sn
1376 4636 1591 4713 Pontificum
1610 4638 1752 4743 decre-

155 4778 159 4789 «
280 4756 317 4816 ta
340 4737 430 4817 satta
451 4737 514 4835 fit,
539 4738 622 4812 dein
640 4736 689 4823 ita
709 4733 928 4829 concludit:¹
941 4734 1013 4827 „ln
1033 4732 1351 4815 consecrationem
1368 4736 1475 4833 hujus
1497 4739 1564 4816 riri
1586 4736 1751 4825 conscu-

231 4849 239 4860 ‘
577 4886 581 4891 -
1290 4840 1295 4854 ’
1617 4840 1695 4912 tire

367 5002 403 5080 'l
426 4997 566 5075 libatas
586 4994 783 5084 iacias
839 5041 841 5047 ¹
