3942 6134
356 1073 432 1140 444
834 1059 1161 1110 *-

296 1223 483 1338 scholastice
503 1227 730 1304 exercitationis
747 1229 856 1321 peis
878 1224 986 1302 edam
1007 1225 1068 1302 illa
1087 1219 1205 1299 adlrue
1221 1219 1266 1300 -iu
1284 1228 1471 1318 summe
1493 1233 1635 1324 partem
1650 1231 1744 1328 juna

306 1319 434 1402 statera
453 1326 651 1402 libraturus

454 1648 515 1724 Ad
534 1647 659 1724 statum
682 1643 820 1744 oppido
878 1647 954 1722 avis
973 1641 1249 1735 controversa,
1282 1646 1394 1740 quietis
1413 1643 1563 1740 presens
1580 1645 1653 1738 est,
1688 1651 1747 1725 ad·

310 1757 430 1820 curate
450 1747 717 1844 intelligendum
738 1747 812 1822 duo
849 1759 914 1818 unt
936 1766 1040 1836 quam
1061 1745 1215 1818 maxime
1235 1743 1340 1842 digua
1355 1743 1570 1836 observatu,
1607 1745 1745 1823 scilicet

307 1847 352 1916 ab
378 1845 559 1920 hodiernis
582 1844 814 1921 Febronianls
840 1843 872 1916 δι
896 1842 1098 1918 Authorem
1117 1841 1348 1918 Colleslionis
1368 1841 1568 1916 Iddoriane
1591 1845 1746 1920 accusari

307 1953 485 2035 tamquam
512 1944 742 2038 deceptorem
767 1942 810 2018 ad
834 1939 1077 2018 extollendam
1102 1937 1227 2034 supra,
1266 1960 1370 2033 quam
1394 1941 1588 2034 antiquitus
1614 1943 1748 2032 suerat,

307 2045 445 2114 romani
467 2037 649 2115 Pontificis
670 2043 942 2126 authoritatem
975 2036 1141 2132 &ipsum
1161 2058 1253 2132 opus
1276 2039 1528 2129 condemnari,
1564 2055 1747 2134 tamquam

310 2140 492 2213 exitiosam
511 2141 643 2214 veteris
664 2138 852 2234 discipline
871 2139 1124 2230 corruptelam.
1173 2135 1308 2226 Falsas,
1345 2137 1378 2210 dt
1398 2141 1504 2228 plane
1521 2139 1660 2232 iniquae
1676 2137 1745 2212 else

310 2233 397 2310 duas
420 2239 524 2310 hasce
545 2239 808 2311 criminationes
827 2239 915 2310 mels
939 2255 1014 2308 non
1040 2251 1112 2309 tam
1131 2233 1280 2326 lfidori,
1305 2255 1410 2328 quam
1433 2233 1554 2312 sarua
1574 2257 1743 2329 romane,

309 2337 492 2430 totiusque
507 2333 671 2412 Ecclefiae
686 2335 869 2412 catholice
886 2334 1051 2411 vindiciis
1066 2355 1154 2410 moa
1170 2335 1254 2412 Deo
1270 2333 1442 2430 aspirante
1457 2331 1654 2414 ostendam

318 2595 667 2685 Vindiciciae
704 2595 991 2710 adversus
1026 2602 1258 2710 iniquas
1295 2600 1741 2692 criminationes.

748 2790 782 2864 Α
810 2789 843 2866 R
869 2787 946 2862 TI
972 2789 1004 2866 C
1027 2789 1065 2864 U
1090 2787 1122 2864 L
1146 2787 1233 2862 US
1283 2789 1312 2864 1.

485 2943 666 3040 Ifidorur
688 2964 764 3018 non
787 2943 996 3040 impostor,
1010 2940 1289 3040 sedfirrrerur
1310 2947 1572 3042 compilator.

969 3117 1012 3232 §.
1044 3139 1088 3212 ι.

310 3255 472 3390 spurias
501 3278 607 3356 atque
638 3225 850 3339 adulterinis
880 3253 1045 3355 epistolas
1075 3259 1193 3352 priscis
1216 3257 1451 3346 Pontificihua
1476 3273 1561 3338 ante
1582 3259 1745 3339 Sirleium

378 3362 422 3430 ab
438 3363 597 3455 impostore
616 3361 750 3437 isidoro
770 3361 961 3456 suppositas
983 3357 1105 3447 suilla,
1128 3361 1304 3434 cantilena
1324 3357 1375 3432 est
1393 3359 1502 3434 hodie
1524 3367 1679 3436 vinnon
1699 3382 1744 3436 ex

311 3459 471 3530 omnium
487 3478 551 3532 ore
565 3459 752 3550 resonans,
770 3470 951 3553 quotquot
970 3459 1031 3529 vel
1048 3479 1068 3530 a
1087 3460 1209 3534 limine
1225 3455 1448 3552 Juristarum,
1470 3462 1557 3550 quin
1573 3461 1608 3534 dt
1622 3455 1744 3534 Theo·

311 3551 477 3648 logorum
493 3555 626 3632 scholas
644 3559 844 3633 salutarunt
894 3555 984 3630 Non
1004 3557 1192 3631 enimvero
1206 3569 1327 3630 motus
1343 3557 1553 3642 momentis,
1572 3559 1661 3632 alibi
1679 3557 1741 3632 dis·

312 3653 510 3742 euticndis,
528 3651 586 3727 sed
602 3677 808 3752 magnorum
821 3657 1013 3743 Virorum,
1031 3655 1242 3728 eruditionis
1255 3654 1365 3751 gloria
1379 3655 1665 3750 precellentium
1680 3675 1744 3732 no·

310 3747 485 3834 minibus,
505 3753 575 3824 hoc
588 3753 658 3843 eil,
677 3755 880 3846 praejudicio
893 3751 1025 3825 cedens
1040 3754 1189 3850 largior,
1206 3753 1304 3844 quod
1322 3753 1472 3840 volunt,
1485 3751 1656 3844 epistolas
1667 3757 1741 3828 illas

311 3841 568 3937 Pontificibus,
594 3871 743 3942 quorum
766 3853 910 3924 nomina
926 3849 1176 3943 preseferunt,
1199 3848 1287 3924 falso
1306 3847 1375 3924 effe
1391 3847 1592 3944 adscriptas.
1636 3849 1742 3964 Quid

311 3942 914 4139 islilffilnlullrllill
927 3945 1515 4144 llllllllltllllrllill
1530 3947 1743 4122 illul·

487 4095 499 4134 ’
1440 4129 1443 4134 Ι
1730 4083 1743 4108 0

310 4163 357 4218 ne
370 4147 489 4236 operis
501 4143 652 4218 authore
664 4143 838 4238 posterior
850 4144 938 4234 saepe
953 4143 1004 4218 est
1019 4149 1113 4220 tituli
1125 4139 1336 4238 inscriptos?
1359 4143 1395 4216 si
1411 4141 1476 4216 iste
1487 4141 1642 4232 fallitur,
1652 4146 1740 4236 iam·

310 4261 357 4314 ne
375 4247 481 4316 etiarn
500 4241 562 4316 suo
582 4245 700 4316 animo
715 4241 831 4318 salliti
857 4241 994 4316 Nonne
1009 4244 1131 4338 sepius
1145 4241 1197 4316 est
1211 4242 1284 4336 ipse
1301 4240 1494 4334 deceptus,
1514 4261 1619 4334 quam
1637 4240 1741 4314 dece-

312 4339 424 4430 ptori
449 4341 619 4436 Magnum
633 4339 822 4416 intercedit
839 4340 1021 4414 discrimen
1036 4345 1129 4414 inter
1133 4341 1217 4436 fosso
1235 4337 1376 4427 asserta,
1402 4337 1560 4429 &froude
1574 4335 1740 4427 confiiiaq

311 4439 499 4531 presertim
521 4441 595 4511 hec
612 4445 732 4537 regula
749 4442 859 4526 valet,
884 4440 966 4513 dum
987 4439 1116 4533 spectat
1135 4437 1319 4511 vetustatis
1340 4437 1575 4522 documenta:
1603 4438 1640 4508 in
1658 4439 1739 4510 illo·

232 4551 234 4558 ·
311 4555 389 4608 rum
411 4537 548 4630 origine
562 4535 752 4633 affignanda
770 4558 868 4610 error
882 4541 1123 4630 sepenumero
1140 4537 1396 4623 committitur,
1418 4531 1490 4624 ipse
1510 4547 1628 4607 tamen
1646 4553 1741 4606 erro·
1773 4610 1776 4616 ,

309 4635 356 4707 ris
372 4633 502 4710 author
515 4635 721 4729 plerumque
734 4641 941 4710 innocensa
956 4635 1174 4728 deceptione
1186 4632 1254 4722 est,
1279 4634 1410 4726 quippe
1427 4633 1488 4704 srbi
1502 4646 1640 4704 tantum
1649 4628 1740 4800 griffi·

308 4751 373 4818 oo,
391 4733 593 4804 nullatenus
610 4738 724 4808 adium
773 4732 808 4805 Si
830 4752 966 4823 aequum
983 4733 1055 4808 hoe
1067 4731 1240 4824 iudicium
1259 4730 1342 4804 serri
1358 4743 1507 4822 oportet
1526 4727 1647 4800 deaut
1674 4748 1742 4800 ore

310 4825 401 4902 salse
416 4826 653 4928 inscriptionis
667 4832 780 4906 veteri
797 4830 1020 4906 documento
1034 4829 1181 4918 additae
1201 4843 1336 4922 quanto
1350 4831 1459 4924 magis
1473 4823 1519 4900 de
1532 4823 1739 4998 Codllecddore
