3942 6134
751 1060 770 1159 v,
830 1104 1168 1151 m
1598 1120 1672 1197 ⁴4¹

278 1261 370 1359 ipsltt
389 1270 713 1358 mentem
737 1258 1125 1377 &sylem-db
1140 1260 1382 1381 'suscipiendus
1404 1258 1595 1354 nissen
1643 1278 1717 1361 l’ri·
1821 1342 1833 1355 .

278 1381 376 1440 mum
390 1360 522 1435 medio
533 1357 755 1432 -vaeeulo
775 1355 952 1433 Nicoltue
970 1358 1170 1448 cudendis
1186 1362 1345 1444 &finus
1369 1392 1445 1448 non
1463 1380 1597 1453 'omnes
1617 1397 1719 1459 certe

280 1450 1719 1655 stillst‘ltiitltlllstststlsclnlsnt‘sllltis‘sli*

1096 1608 1116 1647 J
1246 1642 1255 1658 1
1704 1621 1719 1639 ι

220 1704 224 1709 -
280 1653 352 1727 cilis
372 1655 470 1745 prius
486 1600 616 1723 ’contra
634 1647 846 1725 Pontificem
860 1651 976 1744 sletlt,
1008 1654 1133 1750 postea
1151 1657 1267 1731 eidem
1286 1664 1437 1738 adhesit.
1487 1668 1622 1747 Altero·
1638 1676 1718 1768 poss

277 1750 375 1826 hune
396 1750 516 1823 seculo
539 1746 699 1821 Erasmus
724 1746 992 1826 Roterodumus
1014 1754 1127 1828 simile
1153 1754 1300 1833 dubium
1324 1764 1371 1835 de
1394 1764 1532 1841 illarum
1547 1763 1719 1863 'epistola-

277 1868 356 1923 rum
376 1850 535 1943 origine,
560 1845 622 1918 seu
636 1846 799 1921 historica
815 1851 999 1943 genuitate
1018 1850 1266 1953 manifeslavit.
1327 1860 1421 1933 Mox
1443 1882 1532 1935 vero
1548 1869 1719 1947 reforma·

279 1946 389 2023 tionis
419 1943 632 2017 Lutheranae
658 1946 734 2036 jam
764 1961 850 2019 orto
883 1948 1068 2023 schismate
1097 1949 1720 2061 CenturlstoresMsgdeburgenses

279 2066 357 2133 non
377 2045 489 2119 solum
514 2042 663 2133 amplius
686 2044 812 2117 titulos
836 2042 1004 2121 didono
1025 2047 1295 2141 Decretalium,
1322 2054 1381 2128 seu
1403 2061 1549 2131 nomina
1572 2060 1719 2141 Pontifi-

280 2164 383 2231 cum,
417 2142 668 2233 quibuserant
689 2140 881 2247 inscripta,
919 2146 1191 2240 impugnarunt,
1223 2152 1282 2224 sed
1305 2154 1414 2247 ipsam
1438 2156 1597 2249 illarum,
1631 2165 1720 2238 licet

279 2236 535 2325 sanssiffimam,
567 2241 611 2310 ab
627 2235 782 2313 Ecclesra
804 2243 876 2332 jam
900 2244 1086 2333 probatam
1110 2248 1326 2340 dosirinaan,
1360 2250 1527 2347 liquidem
1547 2254 1623 2331 satec
1647 2261 1720 2353 ipsa

278 2338 364 2415 fidei
385 2336 560 2425 antique,
595 2354 636 2405 ac
652 2334 843 2429 discipline
862 2354 1099 2419 monumenta
1114 2344 1183 2420 suis
1202 2350 1341 2442 placitis
1361 2347 1545 2427 novissime
1559 2355 1719 2435 inventis
1776 2442 1779 2448 .

179 2488 182 2491 -
282 2435 462 2511 contraria
477 2431 556 2507 satis
572 2431 836 2531 intellexerant.
966 2493 971 2501 .
1257 2498 1267 2506 .

425 2784 516 2863 Ndn
543 2784 737 2862 defuerunt
761 2792 859 2863 inter
881 2788 1114 2885 catholicos,
1147 2804 1207 2892 qui
1231 2803 1330 2899 hisce
1355 2810 1493 2887 ausibus
1517 2816 1661 2901 fortiter
1682 2827 1720 2903 se

281 2902 536 2989 opponerent:
575 2906 647 2973 prae
661 2889 749 2957 'aliis
773 2886 983 2962 Franciscus'
999 2890 1197 2969 Turrianus
1221 2904 1379 2992 quinque
1399 2910 1536 3002 libris,
1556 2917 1722 3000 Colonia

213 3057 215 3063 .
281 3008 424 3080 &1573
451 2974 617 3076 impressis
639 2980 961 3082 Magdeburgenses
987 2991 1221 3087 impugnavit
1274 2998 1377 3093 Opus
1403 3006 1476 3080 hoe
1502 3015 1720 3114 eruditione,

280 3082 512 3162 necnon&
543 3080 721 3163 soliditate
744 3086 779 3155 in
804 3096 889 3171 trit,
923 3088 1020 3189 quod
1048 3091 1166 3181 aiunt,
1200 3096 1576 3189 prestans,.ettamen
1605 3119 1641 3189 im
1671 3141 1722 3202 no
1791 3107 1822 3131 ⁵

280 3184 361 3275 ipss
381 3179 475 3253 adeo
487 3175 693 3249 'Catholicis
712 3182 828 3253 minus
848 3182 1037 3275 satisfecit,
1078 3190 1175 3280 quod
1192 3192 1338 3271 Author
1358 3200 1542 3296 singularia
1562 3215 1722 3303 quedam

281 3280 501 3352 documenta
525 3276 679 3357 nimium
693 3292 842 3371 purgare
862 3299 880 3351 a
904 3286 1016 3357 nevis
1040 3284 1237 3382 studuerit,
1278 3297 1406 3386 quibua
1432 3314 1550 3388 tamen
1571 3298 1723 3393 necesse
1791 3309 1795 3320 '

283 3381 339 3453 rio
358 3374 512 3468 quodam
531 3370 610 3443 sato
631 3374 799 3463 quaelsuet
822 3378 966 3468 antiqua
987 3399 1219 3473 monumenta
1242 3410 1391 3485 propter
1408 3398 1593 3480 hominum
1617 3411 1725 3503 perfi.

284 3476 399 3563 dam,
426 3470 675 3558 inscitiamve,
692 3485 756 3546 aut
774 3489 923 3569 propter
942 3479 1031 3571 ipsas
1054 3497 1256 3577 temporum
1280 3492 1424 3583 injurias
1443 3500 1605 3578 obnoxia
1626 3492 1722 3594 sunt.

282 3569 465 3651 Adversus
480 3564 694 3643 Turrianum
716 3574 873 3644 maximo
897 3579 1109 3653 eruditionis
1133 3601 1302 3677 apparatu
1325 3589 1507 3669 assurrexit
1529 3598 1722 3686 Calvinista

282 3670 404 3749 David
421 3646 629 3769 Blendsllus
647 3673 780 3761 a.1627
799 3668 958 3745 Genevae
979 3678 1106 3752 librum
1124 3686 1313 3773 emittens,
1337 3690 1374 3761 in
1392 3710 1466 3782 quo
1480 3692 1724 3781 Pseudoilldo·
1772 3700 1776 3705 ’

283 3792 364 3857 rus,
392 3770 426 3840 dt
446 3762 641 3839 Turrianus
663 3766 807 3856 misere,
836 3770 1004 3863 J'ulloque
1027 3774 1184 3852 severius
1211 3786 1393 3877 vapulans
1443 3788 1635 3874 calvinista
1658 3807 1721 3879 ille

225 3922 230 3931 .
284 3863 456 3941 immenso
474 3863 585 3935 veluti
605 3862 665 3933 suo
685 3864 809 3962 labore
829 3882 958 3960 preter
973 3874 1152 3965 animum,
1176 3893 1285 3970 atque
1303 3886 1438 3961 invitus
1455 3886 1641 3971 catholica
1655 3898 1722 3977 Ec·

285 3964 396 4037 eseliae
417 3954 642 4033 efficacissma
658 3958 871 4033 ministravit
885 3963 1053 4057 sunnon,
1091 3978 1189 4065 queis
1205 3976 1513 4064 Febronianorum
1529 3996 1721 4075 mendaces

284 4062 394 4136 hodie
412 4056 676 4131 criminationes
693 4055 869 4227 expostili
884 4062 971 4135 lieet
987 4086 1052 4141 ore
1070 4073 1347 4154 confundimus:
1371 4102 1472 4176 patet
1488 4092 1604 4181 enim,
1625 4112 1721 4184 quos

285 4162 346 4233 ille
366 4154 627 4230 laboriosissime
646 4154 742 4245 inqui
757 4156 845 4259 tuit,
885 4174 992 4251 atque
1011 4167 1185 4243 invenisse
1205 4177 1362 4254 creditur
1380 4182 1574 4259 isidoriana
1593 4174 1734 4269 dotlrn

162 4342 168 4349 ἡ
284 4280 342 4332 ηε
363 4255 505 4341 sontes,
530 4254 668 4327 nonnisi
691 4273 822 4345 puros,
847 4277 888 4329 ac
908 4264 1084 4351 genuinos
1103 4267 1193 4357 else,
1222 4279 1358 4351 tametsi
1376 4281 1484 4367 alios,
1510 4304 1723 4382 quamquo.

152 4414 173 4452 ,
226 4375 230 4383 ’
286 4375 364 4429 rum
390 4354 515 4425 titulos
541 4350 722 4443 inscriptio
749 4353 938 4443 praesefert.
1003 4355 1059 4433 sta
1079 4362 1124 4434 ad
1148 4371 1275 4442 oculos
1298 4373 1500 4465 spectandas
1524 4380 1623 4457 dedit
1646 4386 1722 4464 sen·
1829 4360 1835 4369 ’

287 4454 417 4525 centias
442 4470 487 4521 ex
512 4448 573 4520 SS.
589 4448 806 4522 Innocentio
824 4451 862 4541 i,
892 4449 1060 4545 Zoslmo,
1090 4460 1279 4556 sinclis,
1312 4470 1439 4545 Leone
1453 4473 1532 4569 M.,
1566 4479 1726 4581 Hilari0‚.

140 4551 142 4555 ’
288 4546 449 4633 Gelasio,
489 4540 765 4639 Gregoriost„
803 4547 989 4642 Mancino,
1030 4554 1169 4631 summis
1195 4562 1454 4658 Pontificibus3
1490 4572 1646 4661 similiter
1676 4564 1742 4663 ex.

138 4676 144 4683 ’
286 4644 347 4719 SS.
361 4644 541 4729 Patribus,
573 4640 793 4731 Ambrosro,
818 4644 1043 4743 Augustino,
1076 4652 1270 4755 Prospero,
1303 4660 1427 4738 idacio
1453 4671 1582 4765 Claro,¹
1604 4676 1722 4757 Histo-

286 4745 338 4817 ria
360 4742 556 4835 tripartita,
576 4737 720 4811 *Codice
743 4736 1019 4840 Theodosiano,
1046 4757 1223 4849 variisque
1244 4760 1386 4853 insuper
1404 4762 1576 4846 Consiliis
1601 4793 1718 4856 excer-

287 4854 383 4937 ptas,
432 4833 528 4913 Hine
551 4835 701 4933 fassum,
735 4854 776 4913 ut
790 4838 1000 4919 Blondellus
1022 4852 1196 4941 plurimos
1222 4878 1267 4929 ex
1285 4856 1488 4941 Catholicis
1504 4870 1548 4943 ad
1571 4872 1723 4959 suamde

940 4940 1095 5033 lise,
1189 4986 1213 5031 ς
1587 4937 1730 5068 fogn'
1904 4956 1908 4963 ’
