3942 6134
809 1096 1141 1164 ..u-q-
1577 1093 1654 1184 'tlt'

845 1248 1040 1365 ,μᾶ
1202 1245 1209 1256 ·

340 1432 348 1451 -
375 1342 378 1351 Ι
398 1330 478 1475 ’Sed
495 1392 779 1491 &Hypermitici
793 1384 903 1465 nostri
917 1388 961 1461 ab
980 1388 1128 1478 antiquo
1144 1388 1209 1461 illo
1221 1382 1418 1468 Hincmaro
1432 1394 1572 1497 egregie
1584 1420 1698 1497 vapu-

170 1518 179 1535 ·
262 1502 359 1588 lant,
378 1500 437 1588 qui
455 1495 609 1587 ipsorum
628 1504 870 1565 commentum
889 1484 935 1557 de
950 1486 1088 1577 origine
1101 1482 1352 1579 capitularium
1366 1496 1486 1585 juxta,
1507 1520 1549 1572 ac
1563 1500 1698 1575 Decre.
1827 1506 1832 1513 ·

262 1598 388 1669 talium
409 1608 538 1684 apertae
556 1588 715 1665 salsitatis
734 1585 933 1661 convincit·
973 1580 1028 1652 Ut
1049 1584 1142 1655 eninr
1163 1581 1354 1659 Blondello
1374 1591 1504 1681 visum,
1529 1611 1635 1687 atque
1649 1618 1699 1676 ex

246 1690 416 1766 assumtis
435 1688 501 1763 suia
519 1688 657 1781 placitis
675 1684 787 1757 videri
806 1681 950 1763 debuit,
975 1680 1126 1792 primum
1149 1678 1254 1753 seculi
1276 1687 1363 1757 noni
1384 1690 1456 1777 jam
1478 1688 1553 1763 fere
1574 1696 1699 1769 medio

259 1787 384 1865 lfidori
400 1784 576 1880 epistola,
598 1806 639 1859 nc
656 1788 757 1855 breui
775 1779 894 1874 postea
915 1775 1085 1848 Hadriam
1108 1774 1291 1851 sententie
1308 1797 1476 1872 poterant
1495 1787 1699 1865 adulterino

265 1876 447 1979 conceptu
465 1882 629 1977 prodire,
646 1880 790 1972 eoquod
810 1874 964 1969 epistolis
980 1872 1118 1946 Urbani
1134 1873 1171 1961 l,
1194 1876 1388 1969 &loannis
1404 1881 1454 1953 lll
1468 1887 1604 1975 aliquot
1621 1887 1700 1963 sen·-

265 1986 388 2057 tentiae
407 1986 552 2075 integra
571 2000 614 2051 ex
630 1976 798 2051 Concilio
816 1970 990 2046 Pariliensr
1007 1992 1103 2043 anno
1118 1976 1190 2066 8²9
1202 1974 1325 2046 habito
1343 1978 1498 2068 insertur
1526 1985 1611 2056 item
1628 1988 1702 2060 sor·

231 2140 235 2147 .
263 2083 369 2159 muln·
380 2078 565 2171 quadam,
582 2094 625 2150 ac
639 2074 778 2169 phrases
793 2077 837 2147 ab
854 2069 990 2144 lsrdoro
1007 2082 1185 2161 excerpta
1203 2070 1269 2145 srnt
1286 2092 1331 2144 ex
1352 2074 1451 2164 ‚lona
1467 2078 1702 2157 Aurelianen-

263 2178 307 2255 fis
324 2176 472 2270 epislola
494 2175 538 2248 ad
555 2171 723 2248 Catulum
736 2172 911 2258 Calvum,
936 2169 995 2260 qui
1018 2186 1114 2238 anno
1131 2177 1201 2261 839
1217 2190 1364 2263 regnum
1382 2176 1552 2249 obtinuit.
1602 2178 1702 2255 Hine

263 2273 578 2370 vulgarissuspicio
592 2274 726 2359 totius,
746 2284 788 2344 ut
801 2282 965 2363 putatur,
988 2264 1254 2338 malitiosrffimae
1267 2265 1399 2343 sraudis
1416 2273 1453 2345 in
1467 2272 1702 2353 Benediilum

267 2372 433 2447 Levitam
452 2370 706 2465 Mogontinum
724 2368 840 2454 eadit,
865 2366 924 2455 qui
944 2364 1055 2435 libros
1079 2365 1308 2458 capitularium
1319 2366 1493 2463 Regionun
1512 2372 1701 2449 isidoriana

263 2468 422 2565 peste,'fi
437 2468 487 2541 ita
499 2468 598 2560 loqui
613 2466 664 2539 saa
676 2464 744 2556 est,
763 2466 903 2559 penitus
916 2457 1067 2537 insedloa
1080 2461 1172 2533 circa
1185 2480 1314 2535 annum
1333 2473 1403 2557 845
1415 2467 1536 2542 edidit
1573 2468 1703 2563 Ehem,
1756 2487 1760 2495 ’

159 2631 165 2642 ,
263 2588 290 2638 o
309 2567 419 2639 boni!
444 2565 518 2639 salli
537 2565 769 2647 voenimiurn
787 2575 980 2655 quantum,
1008 2570 1165 2649 totoque
1188 2563 1281 2634 coelo
1304 2562 1467 2637 aberrare
1484 2564 1700 2643 Hincmarua
1819 2646 1831 2653 ,
1917 2551 1922 2565 ’

263 2662 471 2740 Rhemenfia
498 2663 621 2735 harum
646 2682 774 2735 rerum
789 2652 1045 2751 expertillimus
1068 2670 1175 2744 atque
1199 2654 1293 2728 testis
1315 2666 1480 2736 oculatus
1503 2669 1705 2756 proclamat

263 2757 467 2837 contestans
486 2756 521 2831 se
539 2760 609 2849 jam
627 2780 647 2831 a
658 2758 914 2849 juomturrfica,
939 2750 1088 2824 noceto
1112 2755 1156 2824 ab
1177 2754 1335 2843 ejusdem
1354 2763 1442 2833 noni
1465 2761 1572 2835 seculi
1594 2761 1702 2837 initio

265 2861 301 2931 in
321 2858 474 2933 leslione
488 2852 629 2927 illarum
651 2854 725 2926 srve
739 2851 1025 2944 sententiarum,
1047 2846 1122 2916 srve
1138 2848 1364 2939 epistolarum
1387 2856 1488 2929 fuisse
1503 2861 1704 2952 versatum,

266 2959 303 3030 in
322 2954 522 3041 eodemque
537 2948 654 3022 studio
673 2944 904 3021 consenuisse.
926 2942 1025 3016 Vide
1042 2939 1142 3035 supra
1160 2950 1193 3035 §.
1214 2964 1248 3035 7.
1280 2944 1359 3043 Ego
1373 2972 1464 3025 vero
1480 2974 1524 3026 ex
1537 2954 1705 3033 Blondel·

270 3056 372 3128 lienis
384 3060 632 3139 numnquam,
651 3066 731 3121 cum
744 3044 881 3123 certum
895 3040 1463 3123 srtDecretalealsidorianaaante'
1475 3070 1605 3127 annum
1618 3052 1706 3151 829⁴,

265 3154 383 3225 multo
401 3144 714 3239 magialladrianas
728 3145 799 3234 jam
816 3138 990 3229 extitisse,
1007 3151 1114 3230 atque
1126 3160 1173 3213 err
1187 3142 1255 3213 illia
1273 3139 1492 3221 Parifiensem
1502 3148 1705 3245 synodum,

266 3242 472 3335 aut'Jonam
493 3243 598 3315 etiam
609 3241 898 3321 Aurelianentem
916 3241 994 3311 inte
1033 3257 1071 3309 aa
1086 3236 1299 3329 sententiar,
1317 3242 1548 3337 plumeoque,
1565 3262 1705 3325 attamen

257 3344 327 3439 stuc
342 3335 618 3443 illarrm,erprmfflr
633 3344 814 3432 allegatione
830 3258 1074 3448 descripsrffer
1099 3334 1265 3427 quidnam
1287 3360 1373 3439 ergo
1389 3341 1436 3418 de
1445 3346 1594 3440 palmati
1604 3366 1704 3445 argu·

159 3496 163 3503 -
269 3454 394 3517 mento
407 3436 610 3529 Blondelli,
627 3434 660 3511 dr
675 3438 749 3528 ejua
763 3433 966 3511 asseclarum
985 3430 1262 3509 senuendumll
1395 3486 1406 3505 .

176 3828 188 3845 ,
420 3754 567 3851 Insuper
591 3762 708 3861 autem
729 3754 966 3854 integritatem
988 3750 1104 3841 suam,
1130 3750 1206 3827 srve
1225 3753 1262 3829 in
1281 3750 1510 3849 compilando
1530 3752 1706 3837 linteritt·

271 3876 345 3931 tem
368 3852 629 3949 capitulorum,
649 3874 727 3945 quae
751 3858 795 3925 ab
815 3850 999 3925 Hadriano
1018 3863 1152 3924 nomen
1170 3852 1322 3941 habent,
1343 3854 1516 3928 collector
1536 3862 1707 3951 probavit

274 3956 360 4047 Cap.
379 3958 423 4044 6,
458 3950 598 4043 „Siquis
620 3954 801 4042 putauerit
827 3948 904 4021 sea
931 3951 1078 4041 proprio
1101 3949 1391 4039 Metropolitano
1418 3958 1576 4049 gravari,
1613 3956 1708 4047 apud

273 4052 490 4143 „Primatern
512 4050 736 4139 Dioeceseot‚
762 4060 825 4120 aut
846 4046 939 4138 apud
959 4044 1367 4141 Constantinopolitanae
1393 4048 1557 4125 Civitatis
1576 4048 1708 4129 Sedent

272 4165 380 4243 „agat
391 4150 581 4239 judicium,
602 4148 633 4219 dc
651 4150 829 4238 reliqua„.
873 4140 958 4215 Hoc
970 4146 1163 4237 capitulum
1176 4162 1274 4220 certe
1291 4148 1469 4237 cujusdam
1483 4144 1622 4238 Latini,
1643 4153 1707 4224 vel

275 4244 626 4319 Franco-Germani
651 4250 804 4317 cerebro
830 4241 996 4315 nonfuit
1021 4241 1381 4339 confisiumcneque
1406 4248 1501 4339 enirn
1529 4244 1707 4339 deceptor

273 4344 437 4437 ignorare
463 4340 655 4435 potuisset,
692 4341 1024 4432 Constantinopolis
1048 4337 1226 4435 Episcopo
1251 4344 1296 4418 ab
1317 4341 1529 4441 occidentali
1551 4341 1708 4421 Ecclefia

275 4440 368 4513 hanc
392 4443 759 4533 prerogativammon
784 4438 959 4511 admissam
977 4436 1098 4525 fuisse3
1120 4438 1205 4515 hinc
1221 4437 1353 4515 fiilioni
1376 4433 1547 4513 suntnihil
1567 4444 1710 4518 roboria

270 4542 308 4609 in
328 4536 387 4609 sua
406 4539 517 4629 patria
532 4539 603 4609 hoc
620 4538 805 4631 capitulari
820 4534 1019 4623 addidisset,
1046 4535 1104 4607 sed
1121 4538 1243 4629 potius
1260 4531 1472 4611 detraxisset.
1523 4534 1604 4611 suit
1622 4558 1708 4636 ergo

276 4635 460 4709 dumtaxat
488 4636 723 4727 compilator,
752 4640 810 4727 qui
834 4636 1018 4706 decretum
1043 4633 1136 4722 hoc,
1159 4648 1266 4725 prout
1285 4630 1448 4720 invenlt,
1478 4632 1535 4707 vel
1556 4654 1601 4708 er
1622 4641 1710 4711 antl-

111 4727 119 4742 '
274 4735 400 4822 quiore
418 4732 781 4828 graecneollediione,
802 4735 859 4803 vel
878 4752 923 4805 ex
941 4730 1109 4805 Concilio
1130 4730 1409 4806 chalcedonensi
1425 4728 1580 4806 fideliter
1597 4746 1710 4808 tranr-

273 4828 417 4927 scripsst.
450 4826 534 4906 Nec
547 4832 664 4909 minue
681 4830 810 4927 injuste
826 4826 1008 5006 Benedgslg
1017 4830 1165 5009 tleuiter
1186 4830 1364 4911 nucerina
1384 4833 1635 5005 aquibusdarg·
1648 4838 1709 4909 ho

1624 4954 1661 5009 re
