3942 6134
210 1094 463 1181 [193ἱ
653 1102 656 1121 ’
838 1082 1172 1144 *ιι-ι

262 1262 440 1361 „ungulis
462 1250 888 1353 quibueqne21'rovineiir
914 1252 1065 1331 Domini
1091 1190 1528 1347 reemrsreerdot'eef‘
1558 1227 1635 1333 “En
1659 1254 1734 1333 Cn

269 1376 337 1463 put
357 1360 470 1434 totius
492 1356 677 1449 Ecclesiae,
715 1358 841 1450 utique
862 1374 938 1431 non
959 1356 1078 1445 iners,
1112 1346 1174 1424 sed
1193 1352 1335 1456 viribus!
1351 1350 1561 1447 preditum,
1597 1356 1636 1429 id
1657 1354 1730 1453 eli,

269 1462 305 1541 s.
319 1455 412 1533 Petri
432 1454 582 1546 Sedent,
619 1456 675 1530 cui
698 1453 1081 1553 ligandi,·soivendi,·
1106 1446 1278 1549 pascendi
1297 1450 1732 1549 universalirjurudifflo

163 1578 165 1581 ·
272 1558 445 1639 divinitus
466 1550 630 1631 concessa
650 1550 713 1631 est.

936 1724 1092 1842 §.ru
1189 1807 1196 1815 ,

207 1957 212 1967 ,
340 1878 346 1891 ’
417 1870 478 1955 Sat
500 1833 629 1951 notum
651 1872 799 1949 eruditu
823 1872 993 1968 omnibus
1018 1869 1091 1965 esi,
1125 1866 1563 1974 constantinopolitanam
1584 1870 1742 1971 ISyno·

270 1979 358 2057 cium
378 1974 421 2052 ad
439 1964 693 2051 oecumenicam
714 1972 968 2047 authoritatem
990 1970 1131 2046 nonnisi
1150 1974 1387 2049 occidentalis
1407 1971 1594 2064 Ecclesie,
1619 1964 1742 2053 maxi·
1881 1970 1883 2059 ζ

269 2102 332 2165 me
349 2092 470 2153 autem
489 2080 626 2151 romani
648 2068 832 2147 Pontificio
853 2070 1028 2146 consensu
1049 2070 1262 2169 pervertisse.
1313 2070 1418 2148 Plura
1440 2074 1479 2148 iu
1500 2074 1574 2149 hoc
1593 2067 1741 2153 coneo

271 2182 327 2257 lio
344 2190 544 2271 memoratu
566 2172 671 2271 digna
691 2170 791 2262 sunt,
814 2190 907 2264 ,que
927 2170 1196 2247 monarchicum
1205 2171 1315 2267 Papae
1333 2176 1368 2247 iu
1391 2186 1470 2247 tota
1486 2172 1651 2249 Ecclesia
1669 2175 1744 2253 lm

271 2278 411 2375 perium
441 2272 661 2349 attestantur.
703 2286 775 2343 amo
803 2268 1008 2365 Antequam
1038 2267 1081 2343 ad
1108 2269 1295 2364 synodum
1319 2261 1440 2346 Patres
1466 2275 1738 2367 convenirent,

118 2424 121 2433 ,
272 2397 429 2455 unacum
449 2372 672 2467 Imperatore
685 2366 898 2443 Theodosio
916 2369 961 2443 ad
976 2366 1166 2443 Damasum
1186 2371 1403 2466 legationem
1426 2372 1656 2464 decernunt,
1694 2390 1742 2451 ut

171 2482 179 2501 '
273 2475 359 2573 qnid
380 2477 441 2550 ille
459 2472 626 2560 sentiret,
659 2470 911 2561 explorarent,
938 2465 1148 2543 &fideliter
1167 2467 1409 2561 sequerentur.
1462 2471 1525 2547 2to
1552 2471 1741 2547 Macedo·

235 2585 238 2595 '
272 2578 374 2657 nium
395 2572 604 2645 damnantes
626 2587 703 2643 non
724 2564 791 2641 suis
812 2582 963 2643 utuntur
983 2565 1126 2656 verbis,
1163 2560 1221 2640 sed
1243 2566 1388 2643 nniffisa
1410 2566 1563 2643 Damaso
1584 2574 1743 2651 anathe-

131 2734 137 2741 .
272 2669 453 2751 matismia.
507 2666 576 2761 360
602 2662 693 2743 Cum
718 2686 842 2739 rumor
867 2664 1070 2761 spargeret,
1112 2660 1234 2739 Patres
1262 2668 1355 2743 ultra
1380 2664 1524 2742 debitos
1551 2674 1742 2753 terminot

195 2788 203 2804 '
272 2768 377 2849 fuisse
392 2762 614 2867 progressos,
641 2761 810 2839 Pontifex
829 2764 902 2839 atla
919 2762 1062 2857 Synodi
1078 2763 1121 2840 ad
1140 2786 1289 2841 examen
1311 2767 1483 2857 vocavit,
1509 2789 1626 2863 eaque
1649 2769 1755 2849 con·⁴

273 2868 453 2957 firmavit,
494 2888 573 2959 quae
591 2864 797 2959 Orientales
817 2863 860 2937 ad
875 2884 1039 2940 normam
1060 2860 1144 2938 fidei
1162 2862 1379 2957 decrevere,
1422 2866 1591 2943 Canoner
1608 2886 1744 2951 autem

274 2984 404 3049 contra
421 2964 551 3041 statuta
566 2961 708 3043 Patrum
725 2960 844 3037 editos
865 2965 1002 3059 rejecit.
1053 2976 1112 3055 4¹⁰
1137 2958 1231 3059 Papa
1249 2964 1293 3037 ad
1311 2958 1516 3041 Concilium
1536 2972 1743 3047 oecumeni-

274 3090 359 3147 cum
379 3065 584 3142 Orientalea
607 3060 760 3159 Romam
788 3078 919 3159 vocat,
960 3082 1115 3156 eumque
1136 3064 1172 3137 in
1194 3056 1303 3138 finem
1326 3066 1370 3139 ad
1390 3064 1656 3161 Imperatorem
1683 3073 1745 3149 lit·

273 3183 371 3248 teras
393 3166 523 3243 scribit.
573 3160 657 3239 Nec
677 3162 902 3257 Imperator,
935 3184 1008 3239 nec
1027 3160 1194 3257 Episcopi
1220 3179 1349 3265 contra
1368 3162 1498 3258 Papam
1518 3166 1743 3263 reclamant,

273 3264 371 3365 quasi
392 3268 552 3343 indebita
573 3264 635 3339 sabi
656 3264 735 3359 iura
755 3282 1006 3361 arrogantem,
1047 3260 1106 3337 sed
1127 3262 1297 3338 humilem
1324 3284 1388 3361 per
1406 3262 1563 3361 Legatos
1586 3264 1744 3359 synodi·

234 3423 238 3429 ι
274 3390 353 3445 eam
373 3368 542 3463 mittunt,
576 3384 645 3457 qua
666 3378 844 3457 promtam
866 3358 1062 3439 obediendi
1084 3358 1334 3459 voluntatem,
1366 3362 1426 3437 sed
1446 3364 1480 3436 h
1500 3357 1743 3462 gravissimas,

274 3466 378 3561 queit
397 3462 663 3561 impediuntur,
701 3460 834 3536 caussas
858 3460 1064 3558 significant.
1115 3474 1173 3556 53⁰
1197 3458 1370 3537 Damasus
1396 3464 1433 3536 in
1455 3460 1654 3557 Rescripto
1682 3466 1748 3543 su'a

276 3568 352 3638 ‘ura
374 3558 563 3657 magnifice
588 3558 754 3649 sustinet,
778 3557 867 3654 filios
892 3558 1128 3654 appellando,
1154 3580 1238 3635 uon
1262 3577 1401 3637 tantum
1416 3560 1543 3654 fratrer
1564 3560 1746 3643 Orientis

270 3590 475 3759 iEpiscopoa
491 3660 530 3735 io
550 3656 741 3731 universali
762 3656 857 3755 apud
878 3658 971 3754 ipsos
981 3656 1161 3733 “Concilio
1182 3678 1442 3758 congregator,
1467 3682 1558 3755 quos
1570 3668 1749 3761 propte·

275 3759 504 3851 reclaudat,
538 3754 638 3850 quod
659 3758 793 3833 ullam
815 3758 888 3834 Seii
905 3754 1075 3852 apostolice
1098 3766 1308 3833 reverentiam
1322 3761 1533 3841 tribuerint.
1580 3760 1749 3862 Insuper

274 3860 512 3939 Timotheum
530 3855 750 3953 Apollinaris
776 3854 1009 3954 discipulum,
1041 3877 1147 3950 quem
1177 3860 1372 3931 orientales
1386 3858 1559 3954 'Episcopi
1588 3882 1611 3934 a
1641 3860 1695 3939 Pa
1726 3889 1749 3941 a

277 3958 413 4057 deponi
437 3960 640 4055 petierunt,
676 3954 748 4049 jam
774 3962 819 4030 ab
844 3956 1042 4055 apostolica
1064 3952 1159 4030 Sede
1185 3954 1386 4051 depofitum
1410 3960 1576 4034 declarat.
1634 3961 1747 4060 Ergo

278 4076 407 4157 quarto
416 4054 488 4149 iam
506 4058 626 4131 seculo
641 4074 688 4128 ne
701 4058 893 4131 orientales
908 4054 1052 4151 quidem
1065 4050 1263 4149 Episcopus
1277 4058 1486 4150 deponendi
1510 4058 1753 4165 potestatem

275 4155 480 4258 habueruut
487 4208 502 4249 ,
527 4154 614 4251 quin
629 4152 816 4265 pontificia
829 4154 1028 4233 authoritas
1044 4154 1291 4245 intercederet
1308 4154 1362 4254 ⁴).

285 4532 288 4541 ,
388 4513 397 4529 x
421 4476 465 4555 Iu
483 4476 651 4555 Concilio
668 4436 874 4573 Ephesruos
895 4328 1155 4566 ιὲιῐξιδίιο
1173 4472 1333 4570 suprema
1349 4424 1535 4551 Pontificio
1555 4476 1752 4577 potestne,

194 4626 201 4633 ·
276 4578 339 4658 s'eu
355 4578 568 4655 Mounichia
583 4574 732 4653 mirifice
747 4574 909 4649 eminuit.
960 4571 1170 4649 Coelesiinua
1187 4576 1282 4650 enirn
1302 4572 1394 4670 Papa
1410 4578 1449 4652 in
1467 4575 1581 4651 tausla
1597 4572 1757 4663 Nesto·

1881 3292 1883 3429 l

1699 3889 1724 3959 v

1881 4368 1883 4493 l

1882 4510 1883 4579 ι

276 4682 321 4757 rii
340 4684 478 4777 legem,
515 4677 550 4751 ot
569 4676 714 4752 decreta
733 4674 804 4747 toti
826 4672 995 4749 Concilio
1017 4665 1246 4767 prescripht,'
1278 4674 1421 4854 Leffatia
1443 4676 1511 4752 suit
1529 4674 1758 4779 mandavit,
1882 4720 1883 4763 ι

1582 4872 1620 4948 di
1649 4896 1697 4952 e·

355 5013 395 5093 *)
415 5012 504 5073 Rom.
519 5011 631 5078 luant.
649 4978 1078 5084 nnnaffo'rn‘or't'soliba,
1100 5006 1217 5094 Cum·
1620 4896 1649 4975 g

131 4796 137 4803 ·
278 4793 320 4852 ut
339 4780 365 4857 si
384 4774 552 4875 Episcopi
574 4774 711 4899 diversa
732 4772 928 4867 sentirent,
968 4773 1034 4869 ipfi
1052 4794 1117 4897 eoa
1137 4774 1314 4852 sententia
1349 4796 1396 4853 ua
1414 4777 1465 4852 ad
1479 4770 1666 4854 unitatem
1690 4804 1757 4859 re·
