3942 6134
905 1078 911 1091 e

738 1193 743 1210 h

235 1291 372 1389 „next
395 1288 588 1386 ρειισιιριι
612 1251 909 1381 eonomine,
930 1290 1061 1365 saneto
1085 1288 1118 1363 o
1143 1286 1342 1366 nummo
1364 1250 1497 1386 niam,
1521 1296 1554 1373 o
1576 1294 1678 1392 rape
1807 1352 1810 1360 .

109 1389 110 1483 ζ
230 1412 394 1489 „magne
410 1393 581 1467 Rome.“
616 1388 657 1463 io
673 1392 766 1465 bauo
779 1392 964 1465 catholice
978 1388 1062 1463 fidei
1081 1387 1329 1483 professionem
1347 1400 1536 1469 annotatio
1551 1400 1680 1472 autho.

109 1499 110 1506 ’
228 1498 298 1582 tie,
331 1494 393 1585 qui
419 1493 532 1587 turigo
555 1488 744 1564 munaus
768 1488 977 1584 diciturt),
1013 1510 1113 1583 eque
1138 1494 1377 1565 memorabilia
1406 1490 1474 1565 est:
1495 1494 1675 1583 „Omnes

227 1612 347 1687 „ergo
366 1589 532 1663 Ecclesia
549 1582 744 1693 subfignato
761 1590 915 1665 formula
937 1584 1200 1682 profitebantur
1221 1609 1404 1663 romanam
1417 1586 1551 1681 fidem,
1575 1593 1695 1671 Sedit·
1770 1616 1773 1625 ¹

227 1687 486 1783 „apostolice5
528 1687 563 1759 dt
584 1686 751 1764 Ecclesre
779 1710 936 1763 romane
967 1684 1074 1761 fidem
1102 1693 1237 1783 integra
1259 1689 1292 1760 o
1318 1686 1472 1782 persedia
1499 1690 1676 1766 soliditate

109 1825 110 1864 ι
225 1788 438 1882 „constare‚
454 1808 495 1861 ac
508 1808 556 1861 ne
571 1808 737 1880 umquam
752 1787 917 1877 deficiat,
939 1802 1038 1859 certa
1054 1784 1201 1861 Domini
1214 1789 1477 1881 pollicitatione
1489 1786 1675 1867 firmatam.

225 1886 402 1979 „Nempe
416 1886 508 1959 hanc
522 1884 630 1960 fidem
649 1890 693 1961 eb
710 1878 894 1981 Episcopis
915 1886 959 1958 ad
981 1884 1311 1979 Metropolitanoa,
1336 1891 1379 1960 ab
1396 1888 1450 1960 hio
1467 1888 1510 1959 ad
1531 1887 1674 1962 Patriar·

109 1973 110 2008 ⁷
223 1988 358 2077 „cbar,
371 2007 392 2060 a
406 1972 616 2061 Poenius
630 1985 674 2059 ad
691 1985 817 2082 Papam
835 1988 929 2061 mitti
948 1986 1165 2077 oportebat,
1183 1998 1224 2057 ut
1235 1988 1394 2062 omnium
1411 1984 1669 2063 conleffionem

109 2135 110 2150 ι
223 2086 564 2179 ,‚uoueexciperet,
587 2107 629 2159 ac
648 2107 716 2179 pro
729 2082 950 2167 confeffione
967 2082 1050 2156 fidei
1069 2086 1362 2161 communionem
1380 2088 1568 2180 omnibus,
1592 2088 1673 2161 uni·

224 2201 436 2279 „tatemque
453 2183 679 2279 rependeret.
706 2182 810 2259 blanc
825 2179 1077 2279 proseffionenr
1095 2182 1226 2257 eodem
1242 2185 1368 2274 initio,
1385 2178 1673 2277 eadem‘conclo·
1750 2244 1753 2253 ,

220 2284 370 2374 „hone,
394 2282 522 2356 additis
541 2282 691 2357 subinde
713 2284 920 2374 heresibus,
944 2287 1054 2375 atque
1070 2282 1264 2373 hereticis,
1286 2284 1345 2375 qui
1364 2282 1432 2357 suia
1449 2288 1672 2379 temporibus

109 2389 110 2466 ἕ
222 2382 445 2474 „Ecclesiam
461 2378 731 2458 conturbassent
738 2436 752 2475 ,
771 2404 837 2479 pet
851 2382 971 2457 secuta
983 2380 1098 2475 secula
1115 2380 1376 2473 frequentatam
1391 2380 1529 2456 scimus.
1568 2382 1674 2461 Hanc

225 2486 305 2572 „uti
318 2478 693 2577 S.Hormisdael’apae,
711 2482 901 2576 studioque
911 2480 1082 2576 Agapeto
1090 2532 1104 2569 ,
1121 2476 1372 2573 acNicolaol.
1389 2478 1673 2576 omneaEpisco.

224 2583 290 2673 „pi
310 2580 491 2672 fecerant,
511 2583 561 2655 ita
577 2582 702 2655 iisdem
718 2586 837 2657 verbio
851 2580 1013 2655 Adriano
1029 2577 1073 2652 ll.
1087 2575 1209 2673 Papa,
1235 2576 1380 2652 Nicolai
1402 2578 1600 2654 Successori
1623 2582 1673 2657 fa·

109 2705 110 2714 ι
221 2678 943 2767 ‚,diamiuCohcilionll.'·oecomenico
964 2679 1124 2776 legimur.
1174 2676 1262 2751 Heu
1278 2681 1512 2772 ergoubique
1527 2679 1670 2773 diffusa,

219 2781 417 2868 „omnibus
439 2776 565 2853 seculis
587 2800 803 2877 propagata,
831 2796 939 2873 atque
957 2782 1003 2853 ab
1027 2778 1252 2851 oecumenico
1273 2774 1442 2850 Concilio
1464 2778 1671 2855 consecrata

218 2880 328 2969 ‚mulia
351 2878 491 2971 respuat
511 2877 787 2967 Christianooi“
832 2880 979 2953 Utinam
1003 2877 1132 2951 author
1156 2878 1217 2948 ille
1236 2873 1313 2949 bec
1328 2874 1387 2948 sua
1405 2880 1535 2969 verba,
1548 2877 1584 2953 id
1597 2877 1669 2975 est,

215 2974 313 3054 hauc
328 2976 516 3054 catholice
531 2972 616 3053 fidei
632 2976 883 3074 professionem
900 2977 1038 3071 semper
1049 2979 1086 3053 in
1098 2975 1272 3051 memoria
1282 2972 1465 3051 tenuisset!

870 3128 909 3243 §.
944 3129 1011 3219 16.
1089 3165 1098 3173 ·

211 3334 215 3343 .
264 3291 268 3302 ·
371 3259 464 3348 saon
475 3282 601 3362 aperte
611 3287 710 3344 uuot
727 3288 774 3343 ex
786 3272 844 3360 §§.
859 3269 975 3359 12‚&
995 3291 1037 3362 ¹3
1055 3267 1256 3344 differentia
1268 3273 1451 3365 apparebit
1466 3272 1667 3367 interprio-

109 3433 110 3468 ,
213 3378 306 3441 tem.
312 3364 506 3459 parisiense
518 3367 647 3441 scholae
660 3368 1192 3462 opinionem,dtrecentioreur
1207 3388 1411 3450 conventus
1427 3375 1587 3467 gallicani
1603 3374 1668 3446 de·
1826 3420 1832 3429 ·

109 3495 110 3502 ¹
216 3463 452 3539 cierationem
468 3466 512 3537 ab
525 3462 683 3541 Ecclefia
695 3471 766 3559 jam
783 3472 1031 3560 reprobatam,
1049 3468 1141 3541 &ab
1154 3466 1232 3561 ipfis
1246 3468 1370 3545 Gallie
1383 3469 1568 3565 Episcopis
1580 3471 1669 3549 sunr-

109 3613 110 3644 ι
218 3582 274 3635 ma
295 3564 356 3655 sua
377 3563 481 3636 laude
502 3576 725 3643 reuocatam.
760 3561 928 3642 Ceterum
954 3566 1228 3663 comgallicaoa
1247 3568 1457 3645 Declaratio
1472 3570 1668 3651 hodiedum

109 3702 110 3712 ι
218 3664 299 3739 suot
307 3664 498 3758 iadlatorea
513 3670 697 3756 inueniat,
724 3669 928 3748 historicum
935 3673 1017 3751 hoc
1032 3690 1161 3767 caput,
1187 3675 1286 3770 quod
1303 3682 1414 3753 ueluti
1429 3674 1667 3777 ἑισιιγωγικον

109 3827 110 3860 ,
218 3764 261 3835 ad
277 3766 435 3839 criticam
452 3764 605 3857 nostram
621 3766 897 3860 disqoihtionem
909 3773 1155 3867 prendimus,
1181 3776 1276 3849 haud
1291 3779 1438 3872 melius,
1465 3800 1665 3877 quamtum

219 3862 352 3937 dodilo.
373 3863 506 3938 Fleurii
521 3863 797 3941 Continuatore
818 3870 988 3945 concludi
1012 3872 1110 3963 posse
1130 3875 1295 3949 videtur:
1324 3874 1498 3975 „Ergone
1522 3887 1666 3983 triginta

109 4033 110 4036 ι
217 3960 377 4055 „septem
389 3961 580 4056 Episcopi,
606 3966 665 4054 qui
684 3963 750 4038 sue
762 3971 991 4043 revocationi
1006 3969 1185 4064 subscripti
1203 3976 1392 4069 leguntur,
1421 3986 1568 4063 minoris
1584 3986 1665 4059 suot

109 4111 110 4138 ι
219 4060 494 4152 „authoritatis,
522 4081 627 4153 qoam
652 4064 795 4159 triginta
815 4082 969 4157 quatuor
994 4071 1044 4141 illi
1068 4069 1253 4161 Praelhles,
1282 4078 1342 4164 qui
1368 4077 1663 4159 Declarationem

219 4158 513 4251 „approbarunti
539 4182 609 4233 nec
630 4161 811 4254 hocusque
837 4165 993 4241 Ecclesra
1015 4172 1171 4242 comitiis
1192 4168 1286 4245 Cleri
1305 4172 1479 4253 Gallicani
1500 4182 1663 4255 attribuit

218 4258 380 4349 „synodi
397 4261 671 4351 authoritatem,
705 4282 776 4335 nec
790 4264 897 4338 etiam
915 4269 1026 4342 ceteri
1045 4266 1209 4363 Episcopi
1231 4286 1359 4361 contra
1378 4275 1504 4351 horum
1525 4272 1664 4374 palino-

109 4365 110 4422 ξ
220 4355 336 4443 „diam
354 4371 430 4431 tum
450 4360 698 4435 reclamarunt.
749 4359 857 4452 Esto,
871 4363 981 4456 ·quod
995 4366 1101 4463 postea
1120 4370 1226 4457 aliqui
1253 4370 1314 4443 har
1337 4371 1526 4451 sententiar
1548 4376 1660 4453 secuti

109 4519 110 4556 ¹
220 4452 330 4544 „hnt3
355 4454 492 4551 semper
507 4476 627 4531 tamen
644 4480 770 4534 verum
789 4460 861 4552 est,
889 4484 986 4537 eoaa
1003 4460 1102 4561 Rege
1118 4464 1152 4539 dt
1167 4464 1279 4542 screto
1296 4468 1397 4543 foisse
1415 4490 1606 4549 revocatas
1626 4478 1660 4549 dt

219 4554 287 4639 „ab
301 4555 472 4629 omnibus
486 4556 607 4631 saltem
625 4556 787 4650 silentio,
814 4563 1000 4655 tacitoque
1012 4563 1181 4654 censensu
1196 4567 1288 4643 hanc
1307 4574 1579 4647 revocationem
1600 4596 1659 4667 ap·

219 4652 453 4744 „probatama
481 4675 552 4730 uec
570 4652 782 4732 Parlamenti
797 4663 994 4760 authoritac
1009 4664 1046 4737 in
1066 4668 1172 4769 rebor
1187 4666 1288 4743 sacris
1304 4666 1564 4771 Episcoporum
1587 4671 1659 4745 sen·
1727 4674 1731 4682 '

1508 4786 1512 4791 ·
1552 4785 1658 4867 „tem

273 4913 318 5009 f)
339 4912 479 4980 Defende
500 4919 649 4989 Declarat.
671 4936 761 4991 conv.
785 4922 866 4991 cler.
893 4918 1000 4981 Gallie.
1024 4920 1079 4985 lib.
1103 4941 1153 4995 ιο.
1176 4938 1240 5001 cap.
1262 4946 1293 5013 7.

707 5008 950 5111 ¹‚Q
