3942 6134
294 1071 366 1150 390
551 1089 555 1092 ·
773 1059 1165 1125 ··=·=--

253 1233 385 1318 drioae,
400 1219 434 1298 dr
451 1211 713 1309 Antiocheno,
731 1219 910 1308 tamquam
926 1213 960 1289 s.
974 1209 1071 1287 Petri
1089 1213 1241 1290 sedibus
1259 1211 1340 1308 post
1354 1211 1560 1292 Romanam
1582 1220 1705 1313 praei.

253 1350 327 1430 pua
337 1321 551 1423 prae'ceteris
564 1319 731 1404 omnibus
744 1311 1057 1411 privilegiadtjura
1071 1330 1302 1409 competere,
1313 1319 1449 1410 primos
1465 1319 1602 1392 iliarum
1618 1317 1710 1412 Epi·-

83 1451 103 1464 '
254 1431 386 1522 scopos
407 1423 595 1505 Marcum,
613 1419 646 1490 dt
663 1413 844 1490 Evodium
866 1435 943 1488 non
960 1417 1064 1490 aliter
1079 1413 1254 1510 respicere
1271 1436 1340 1490 nos
1358 1416 1458 1504 snit,
1474 1437 1578 1508 quarn
1598 1418 1703 1512 huju,

256 1525 518 1625 Apostolorum
533 1516 703 1612 Principis
716 1515 904 1603 Vicarios,
919 1515 977 1590 seu
989 1513 1197 1612 Delegatos.
1225 1514 1322 1589 Hinc
1337 1533 1408 1590 tres
1422 1517 1565 1610 quidem
1578 1520 1699 1610 primm

256 1626 368 1708 Sedes
384 1622 578 1714 antiquitus
596 1616 764 1703 suerunt,
785 1613 843 1688 sed
861 1635 930 1688 una
947 1627 1067 1689 tamen
1082 1616 1239 1784 suprema
1252 1613 1451 1705 cathedra,
1468 1631 1540 1692 tres
1551 1613 1703 1694 ‘Patriam
1827 1655 1836 1667 ,

256 1731 332 1805 chae
355 1722 520 1818 quidem,
550 1713 610 1792 sed
632 1735 724 1788 unus
743 1712 1002 1788 Patriarchatus
1020 1715 1057 1787 in
1075 1713 1109 1788 S.
1147 1718 1213 1788 etri
1236 1712 1390 1791 Primatu
1411 1717 1702 1812 comprehensus,

232 1823 236 1834 '
254 1841 366 1928 prout
382 1813 612 1909 &Gelasiusl
630 1817 667 1890 in
684 1813 852 1887 Concilio
866 1830 1019 1887 romano
1034 1835 1065 1900 a,
1076 1836 1150 1908 494
1166 1813 1382 1889 declaravit:
1404 1816 1612 1914 „Quamuis
1628 1820 1704 1891 uni·

257 1922 394 2022 „vcrsae
415 1942 479 2018 pcr
499 1919 625 1993 orbem
648 1914 833 1987 catholice
854 1909 1020 1986 Ecclefiae
1039 1927 1132 1988 unus
1149 1914 1324 1988 thalamus
1341 1913 1468 1988 Christi
1490 1915 1555 2002 stt
1588 1915 1702 1990 sanda
1806 1965 1811 1973 -

258 2045 407 2122 „tamen
428 2038 577 2108 ¹romana
603 2011 781 2103 Ecclefia,
821 2013 928 2086 nullis
953 2009 1132 2105 synodicis
1154 2012 1357 2090 constitutis
1381 2016 1512 2090 ceteris
1536 2013 1726 2098 Ecclesris*
1814 2070 1818 2083 .

182 2153 184 2158 ·
256 2125 429 2221 „prolata
452 2117 524 2207 est,
550 2111 607 2190 sed
630 2109 837 2208 evangelica
860 2131 956 2186 vocs
973 2107 1143 2204 Domini,
1171 2113 1418 2202 &salvatoris
1441 2111 1551 2188 nostri
1571 2113 1703 2190 Prima-

230 2251 236 2258 ·
258 2241 364 2321 „tum
385 2217 563 2295 obtinuit:
595 2209 643 2287 Tu
664 2233 695 2286 ts
712 2212 850 2300 Petrus,
877 2213 921 2298 θ’
930 2211 1029 2310 super
1048 2213 1119 2298 &c
1170 2209 1232 2286 Est
1252 2234 1338 2309 ergo
1359 2215 1474 2310 prima
1491 2213 1703 2308 PetriApo.

258 2323 369 2423 „stoli
387 2315 496 2397 Sedes
514 2311 669 2389 Ecclesia
688 2330 848 2386 romana.
897 2309 1063 2385 Secunda
1080 2323 1198 2386 autem
1216 2311 1327 2386 Sedes
1345 2313 1438 2407 apud
1449 2313 1711 2388 Alexandriam

260 2425 326 2520 ,‚B.
340 2415 434 2496 Petri
451 2418 600 2516 nomine
616 2434 637 2486 a
653 2413 780 2486 Marco
798 2412 873 2504 cjtts
892 2411 1088 2506 discipulo,
1113 2412 1147 2484 ἃ
1167 2411 1390 2509 Evangelista
1407 2413 1611 2488 consecrata
1630 2411 1702 2504 est3

261 2521 433 2619 „ipseque
452 2539 473 2592 a
492 2511 598 2589 Petro
615 2509 797 2606 Apostolo
818 2512 856 2585 in
872 2509 1071 2608 AEgyptum
1092 2507 1244 2585 disedlus
1263 2513 1599 2587 verbum'veritatis
1617 2533 1703 2609 praev

260 2621 448 2718 „dicavit‚
487 2609 735 2708 &gloriosum
758 2610 1020 2684 consummavit
1043 2609 1271 2703 Martyrium.
1320 2609 1447 2688 Tertia
1473 2633 1565 2686 vero
1591 2611 1703 2688 Sedes

261 2718 385 2816 „apud
402 2705 635 2790 Antiochiam
651 2705 813 2801 ejusdem
826 2706 866 2780 B.
877 2705 970 2781 Petri
988 2707 1156 2802 Apostoli
1177 2713 1326 2784 nomine
1343 2712 1494 2786 habetur
1512 2711 1706 2787 honorabi-

261 2825 353 2916 „lis,
379 2811 526 2908 eoquod
544 2810 640 2898 illic,
667 2807 869 2901 priusquam
886 2804 1041 2882 Romam
1063 2807 1236 2900 venisset,
1260 2810 1458 2902 habitavit,
1484 2808 1520 2884 dt
1543 2813 1617 2886 illic
1638 2814 1707 2907 pri·

263 2939 388 3015 „mum
422 2932 558 3002 nomen
588 2905 866 2983 Christianorum
895 2911 1053 2982 novellae
1086 2909 1203 3006 gentis
1236 2925 1403 2986 exortum
1433 2908 1524 2985 est.“
1581 2909 1709 3005 ltaque
1771 2945 1776 2957 ·

262 3041 343 3096 cum
360 3009 609 3099 Alexandria,
647 3003 681 3078 dt
700 3005 904 3079 Antiochiae
921 3009 1025 3100 primi
1043 3005 1208 3103 Episcopi
1228 3009 1446 3086 authoritate
1462 3011 1590 3086 ceteris
1606 3011 1706 3108 supe.

74 3203 76 3210 ,
156 3113 172 3138 “
263 3123 392 3207 riores,
411 3115 544 3189 suerint
559 3109 598 3182 B.
610 3103 901 3202 PetriDelcgati3
919 3106 1106 3200 Apostolis
1122 3129 1256 3182 coaevae
1273 3113 1403 3185 merito
1417 3113 1552 3185 censeri
1570 3111 1706 3186 debent

261 3213 464 3311 hujusmodi
484 3232 565 3286 cum
583 3207 825 3282 Facultatihus
841 3207 1118 3302 Delegationesa
1136 3206 1177 3290 ⁴dt
1196 3205 1337 3286 stabiles
1357 3211 1526 3303 quidem,
1553 3213 1613 3289 vel
1632 3233 1707 3286 cer·
1740 3287 1744 3293 ,

263 3322 308 3392 tis
331 3314 510 3401 Personis,
543 3325 584 3383 ut
605 3311 663 3380 illa
682 3303 795 3392 Tito,
829 3305 862 3376 dt
882 3303 1108 3403 Timotheo,
1141 3309 1203 3382 vel
1224 3309 1306 3405 ipsis
1323 3309 1475 3388 Sedibus
1498 3307 1631 3402 affixe,
1664 3327 1706 3386 ut

159 3413 175 3434 “
262 3415 536 3510 Alexandrinas,
561 3405 862 3484 &Antiochense

929 3581 965 3700 s·
995 3604 1037 3690 4·

409 3729 541 3805 Praeter
563 3730 669 3817 illos,
695 3747 785 3821 quos
807 3730 981 3802 ndsmrios
996 3726 1176 3801 hodierno
1195 3727 1369 3821 loquendi
1388 3749 1491 3804 more
1513 3733 1706 3804 vocaveris

263 3835 461 3929 Delegatos
485 3831 552 3904 alia
573 3828 789 3924 quoquelad
814 3825 985 3922 singulare
1012 3826 1156 3919 aliquod
1180 3831 1365 3924 negotium
1389 3829 1621 3904 restrislarum
1643 3831 1709 3904 Le-

262 3937 445 4034 gationum
468 3931 631 4020 exempla
651 3925 850 4022 suppeditat
871 3927 1039 4018 primaeua
1058 3927 1259 4018 antiquitas.
1312 3931 1364 4000 lta
1385 3928 1421 4002 S.
1436 3927 1633 4004 Clementis
1653 3950 1711 4003 ro·

261 4037 358 4112 mani
378 4035 488 4128 prima
509 4025 657 4122 testatur
677 4025 845 4120 epistola,
870 4026 913 4097 ad
928 4024 1096 4100 sedandas
1113 4024 1384 4102 Corinthiorum
1405 4024 1619 4121 discordias,
1644 4031 1707 4122 qui

262 4135 464 4224 sacerdotes
487 4134 530 4201 ah
554 4126 737 4218 Apostolis
759 4124 945 4200 ordinatos
965 4124 1088 4199 officio
1114 4123 1175 4198 suo
1199 4127 1353 4219 dejicere
1370 4127 1439 4201 ausi
1463 4128 1626 4213 fuerant,
1662 4151 1708 4202 ex
1823 4179 1827 4184 -

262 4255 409 4310 romana
428 4223 583 4302 Ecclesia
607 4223 725 4298 missos
743 4223 843 4298 fuisse
870 4225 930 4298 ahs
962 4225 1075 4299 duhio
1100 4243 1181 4298 cum
1200 4225 1321 4298 debita
1342 4227 1588 4318 jurisdictione
1603 4225 1709 4302 Clau·

264 4332 384 4422 dium,
409 4328 618 4423 Epheburn,
646 4325 851 4410 Valerium,
868 4323 1081 4422 ¹Vitoncm,
1107 4323 1141 4395 dt
1164 4321 1404 4400 Fortunarum
1429 4332 1480 4418 l).
1530 4327 1623 4400 Rom
1643 4329 1708 4399 ita·

262 4445 390 4522 taque,
416 4448 520 4520 quam
538 4425 618 4517 jure
635 4425 783 4512 divino,
810 4421 1011 4498 &naturali
1031 4421 1349 4500 demonstravimus
1368 4423 1555 4500 firmillime
1574 4425 1709 4519 fulciri,

260 4533 331 4627 jam
349 4530 454 4604 etiam
475 4530 520 4598 ab
539 4525 618 4618 ipsis
639 4522 801 4598 Ecclessae
823 4525 1047 4598 incunabulis
1067 4521 1169 4596 fuisse
1189 4525 1226 4598 in
1248 4524 1310 4613 usu
1330 4523 1515 4616 historica,
1544 4545 1625 4618 que
1650 4547 1708 4596 re·

260 4629 355 4706 stant
375 4649 420 4702 ex
440 4629 501 4699 illa
522 4621 723 4715 vetustate,
759 4621 977 4697 documenta
994 4628 1208 4716 loquuntur.x
1254 4623 1410 4698 Modum
1432 4645 1522 4699 vero
1543 4621 1706 4700 Nuntios

267 4755 287 4804 u
306 4729 425 4804 Latere
442 4723 610 4800 mittendi
624 4725 660 4798 in
677 4724 781 4798 terris
795 4725 926 4796 exteris
938 4719 1028 4799 fixas
1043 4723 1105 4799 fibi
1121 4719 1220 4798 sedes
1235 4722 1415 4800 erecturos
1428 4724 1452 4800 ss
1463 4727 1712 4801 recentiorem

1320 4910 1327 4927 x
1400 4856 1405 4860 ·
1548 4823 1661 4918 <lices²

261 4931 426 4952 m
763 4921 929 4948 ἁ*

301 5005 304 5010 ·
339 4987 374 5070 ⁸)
393 4947 508 5057 Apina
526 4983 562 5042 ad
577 4982 712 5044 (Attinth.
729 4987 759 5046 in
775 4983 841 5048 fine.

193 5411 309 5451 A
