<?xml version="1.0" encoding="UTF-8"?>
<!DOCTYPE html PUBLIC "-//W3C//DTD XHTML 1.0 Transitional//EN"
    "http://www.w3.org/TR/xhtml1/DTD/xhtml1-transitional.dtd">
<html xmlns="http://www.w3.org/1999/xhtml" xml:lang="en" lang="en">
 <head>
  <title>
</title>
<meta http-equiv="Content-Type" content="text/html;charset=utf-8" />
  <meta name='ocr-system' content='tesseract 3.04.00' />
  <meta name='ocr-capabilities' content='ocr_page ocr_carea ocr_par ocr_line ocrx_word'/>
</head>
<body>
  <div class='ocr_page' id='page_1' title='image "./quisestpetrusse00frgoog_0498.png"; bbox 0 0 3942 6134; ppageno 0'>
   <div class='ocr_carea' id='block_1_1' title="bbox 314 1020 1167 1149">
    <p class='ocr_par' dir='ltr' id='par_1_1' title="bbox 207 1016 1167 1149">
     <span class='ocr_line' id='line_1_1' title="bbox 314 1020 1167 1149; baseline 0.018 -35.105"><span class='ocrx_word' id='word_1_1' title='bbox 314 1038 408 1149; x_wconf 69' lang='lat' dir='ltr'><strong>ets</strong></span> <span class='ocrx_word' id='word_1_2' title='bbox 516 1120 521 1127; x_wconf 88' lang='lat'><em>.</em></span> <span class='ocrx_word' id='word_1_3' title='bbox 833 1020 1167 1109; x_wconf 57' lang='lat' dir='ltr'><strong>m&#39;</strong></span> <span class='ocrx_word' id='word_1_4' title='bbox 1105 1051 1164 1061; x_wconf 72' lang='grc'><strong>’“</strong></span> 
     </span>
    </p>
   </div>
   <div class='ocr_carea' id='block_1_2' title="bbox 89 1344 1813 3743">
    <p class='ocr_par' dir='ltr' id='par_1_2' title="bbox 89 1344 1813 3743">
     <span class='ocr_line' id='line_1_2' title="bbox 372 1344 1813 1459; baseline 0.004 -25"><span class='ocrx_word' id='word_1_5' title='bbox 372 1344 375 1352; x_wconf 55' lang='lat'><strong><em>‘</em></strong></span> <span class='ocrx_word' id='word_1_6' title='bbox 425 1354 551 1435; x_wconf 79' lang='lat' dir='ltr'><strong>urimo</strong></span> <span class='ocrx_word' id='word_1_7' title='bbox 576 1348 666 1437; x_wconf 86' lang='lat' dir='ltr'><strong>Non</strong></span> <span class='ocrx_word' id='word_1_8' title='bbox 679 1356 1024 1453; x_wconf 70' lang='lat' dir='ltr'><strong>solumliebronius,</strong></span> <span class='ocrx_word' id='word_1_9' title='bbox 1051 1362 1110 1437; x_wconf 89' lang='lat' dir='ltr'><strong>sed</strong></span> <span class='ocrx_word' id='word_1_10' title='bbox 1123 1375 1305 1457; x_wconf 87' lang='lat' dir='ltr'><strong>quotquot</strong></span> <span class='ocrx_word' id='word_1_11' title='bbox 1317 1358 1551 1459; x_wconf 87' lang='lat' dir='ltr'><strong>polll’etrum</strong></span> <span class='ocrx_word' id='word_1_12' title='bbox 1564 1360 1716 1439; x_wconf 66' lang='lat' dir='ltr'><strong>dentre</strong></span> <span class='ocrx_word' id='word_1_13' title='bbox 1809 1446 1813 1453; x_wconf 62' lang='grc'><em>,</em></span> 
     </span>
     <span class='ocr_line' id='line_1_3' title="bbox 271 1454 1810 1559; baseline 0 -24"><span class='ocrx_word' id='word_1_14' title='bbox 271 1478 333 1552; x_wconf 84' lang='lat' dir='ltr'><strong>ea,</strong></span> <span class='ocrx_word' id='word_1_15' title='bbox 351 1454 556 1553; x_wconf 83' lang='lat' dir='ltr'><strong>Peluzium,</strong></span> <span class='ocrx_word' id='word_1_16' title='bbox 572 1462 860 1555; x_wconf 85' lang='lat' dir='ltr'><strong>Vanespenium,</strong></span> <span class='ocrx_word' id='word_1_17' title='bbox 882 1462 1044 1553; x_wconf 87' lang='lat' dir='ltr'><strong>aliosque</strong></span> <span class='ocrx_word' id='word_1_18' title='bbox 1059 1463 1132 1555; x_wconf 82' lang='lat' dir='ltr'><strong>iam</strong></span> <span class='ocrx_word' id='word_1_19' title='bbox 1148 1484 1302 1538; x_wconf 88' lang='lat' dir='ltr'><strong>numero</strong></span> <span class='ocrx_word' id='word_1_20' title='bbox 1319 1464 1461 1559; x_wconf 89' lang='lat' dir='ltr'><strong>plurimi</strong></span> <span class='ocrx_word' id='word_1_21' title='bbox 1478 1462 1599 1538; x_wconf 80' lang='lat' dir='ltr'><strong>sanuae</strong></span> <span class='ocrx_word' id='word_1_22' title='bbox 1613 1462 1718 1557; x_wconf 81' lang='lat' dir='ltr'><strong>Apo·</strong></span> <span class='ocrx_word' id='word_1_23' title='bbox 1746 1515 1755 1535; x_wconf 86' lang='lat'><strong>.</strong></span> <span class='ocrx_word' id='word_1_24' title='bbox 1802 1544 1810 1557; x_wconf 80' lang='lat'>.</span> 
     </span>
     <span class='ocr_line' id='line_1_4' title="bbox 269 1557 1717 1654; baseline -0.002 -17"><span class='ocrx_word' id='word_1_25' title='bbox 269 1559 406 1637; x_wconf 78' lang='lat' dir='ltr'><strong>stolicae</strong></span> <span class='ocrx_word' id='word_1_26' title='bbox 425 1558 524 1635; x_wconf 82' lang='lat' dir='ltr'><strong>Sedis</strong></span> <span class='ocrx_word' id='word_1_27' title='bbox 540 1562 620 1653; x_wconf 85' lang='lat' dir='ltr'><strong>jura</strong></span> <span class='ocrx_word' id='word_1_28' title='bbox 641 1561 795 1654; x_wconf 85' lang='lat' dir='ltr'><strong>iniquius</strong></span> <span class='ocrx_word' id='word_1_29' title='bbox 815 1563 1037 1651; x_wconf 83' lang='lat' dir='ltr'><strong>lacerarunt,</strong></span> <span class='ocrx_word' id='word_1_30' title='bbox 1060 1583 1188 1636; x_wconf 88' lang='lat' dir='ltr'><strong>omnes</strong></span> <span class='ocrx_word' id='word_1_31' title='bbox 1211 1586 1258 1636; x_wconf 91' lang='lat' dir='ltr'><strong>eo</strong></span> <span class='ocrx_word' id='word_1_32' title='bbox 1275 1566 1428 1638; x_wconf 81' lang='lat' dir='ltr'><strong>maxime</strong></span> <span class='ocrx_word' id='word_1_33' title='bbox 1440 1557 1638 1637; x_wconf 85' lang='lat' dir='ltr'><strong>decretales</strong></span> <span class='ocrx_word' id='word_1_34' title='bbox 1660 1562 1717 1635; x_wconf 86' lang='lat' dir='ltr'><strong>lst-</strong></span> 
     </span>
     <span class='ocr_line' id='line_1_5' title="bbox 219 1658 1740 1755; baseline -0.001 -22"><span class='ocrx_word' id='word_1_35' title='bbox 219 1668 227 1685; x_wconf 84' lang='lat'><strong>·</strong></span> <span class='ocrx_word' id='word_1_36' title='bbox 270 1658 350 1734; x_wconf 93' lang='lat' dir='ltr'><strong>dori</strong></span> <span class='ocrx_word' id='word_1_37' title='bbox 374 1658 537 1755; x_wconf 86' lang='lat' dir='ltr'><strong>epistolas</strong></span> <span class='ocrx_word' id='word_1_38' title='bbox 562 1660 790 1749; x_wconf 85' lang='lat' dir='ltr'><strong>infestarunt,</strong></span> <span class='ocrx_word' id='word_1_39' title='bbox 817 1674 857 1732; x_wconf 91' lang='lat' dir='ltr'><strong>ut</strong></span> <span class='ocrx_word' id='word_1_40' title='bbox 873 1664 931 1751; x_wconf 84' lang='lat' dir='ltr'><strong>jus</strong></span> <span class='ocrx_word' id='word_1_41' title='bbox 954 1663 1238 1755; x_wconf 86' lang='lat' dir='ltr'>appellationum</span> <span class='ocrx_word' id='word_1_42' title='bbox 1258 1685 1302 1737; x_wconf 83' lang='lat' dir='ltr'><strong>ex</strong></span> <span class='ocrx_word' id='word_1_43' title='bbox 1318 1660 1486 1735; x_wconf 86' lang='lat' dir='ltr'><strong>universo</strong></span> <span class='ocrx_word' id='word_1_44' title='bbox 1508 1664 1598 1742; x_wconf 80' lang='lat' dir='ltr'><strong>orbe</strong></span> <span class='ocrx_word' id='word_1_45' title='bbox 1617 1658 1740 1732; x_wconf 75' lang='lat' dir='ltr'><strong>susci.</strong></span> 
     </span>
     <span class='ocr_line' id='line_1_6' title="bbox 191 1751 1718 1857; baseline -0.001 -24"><span class='ocrx_word' id='word_1_46' title='bbox 191 1766 195 1775; x_wconf 91' lang='lat'>&#39;</span> <span class='ocrx_word' id='word_1_47' title='bbox 269 1757 479 1855; x_wconf 82' lang='lat' dir='ltr'><strong>piendarum</strong></span> <span class='ocrx_word' id='word_1_48' title='bbox 496 1756 664 1833; x_wconf 89' lang='lat' dir='ltr'><strong>Romano</strong></span> <span class='ocrx_word' id='word_1_49' title='bbox 680 1751 844 1832; x_wconf 78' lang='lat' dir='ltr'><strong>Pontifici</strong></span> <span class='ocrx_word' id='word_1_50' title='bbox 866 1756 1071 1855; x_wconf 83' lang='lat' dir='ltr'><strong>abriperent</strong></span> <span class='ocrx_word' id='word_1_51' title='bbox 1090 1760 1153 1838; x_wconf 88' lang='lat' dir='ltr'><strong>sub</strong></span> <span class='ocrx_word' id='word_1_52' title='bbox 1172 1760 1330 1857; x_wconf 88' lang='lat' dir='ltr'><strong>specioso</strong></span> <span class='ocrx_word' id='word_1_53' title='bbox 1352 1776 1718 1855; x_wconf 86' lang='lat' dir='ltr'><strong>praetestu,novum</strong></span> 
     </span>
     <span class='ocr_line' id='line_1_7' title="bbox 270 1853 1723 1952; baseline -0.002 -21"><span class='ocrx_word' id='word_1_54' title='bbox 270 1857 525 1949; x_wconf 73' lang='lat' dir='ltr'><strong>ellelrocjm,</strong></span> <span class='ocrx_word' id='word_1_55' title='bbox 543 1858 694 1952; x_wconf 85' lang='lat' dir='ltr'><strong>antiquis</strong></span> <span class='ocrx_word' id='word_1_56' title='bbox 708 1860 907 1932; x_wconf 87' lang='lat' dir='ltr'><strong>canonibus</strong></span> <span class='ocrx_word' id='word_1_57' title='bbox 926 1862 1166 1949; x_wconf 90' lang='lat' dir='ltr'><strong>contrarium,</strong></span> <span class='ocrx_word' id='word_1_58' title='bbox 1196 1862 1228 1935; x_wconf 82' lang='lat' dir='ltr'><strong>dr</strong></span> <span class='ocrx_word' id='word_1_59' title='bbox 1248 1859 1335 1935; x_wconf 70' lang='lat' dir='ltr'><strong>ficiis</strong></span> <span class='ocrx_word' id='word_1_60' title='bbox 1355 1877 1493 1935; x_wconf 84' lang='lat' dir='ltr'><strong>tantum</strong></span> <span class='ocrx_word' id='word_1_61' title='bbox 1514 1853 1637 1951; x_wconf 67' lang='lat' dir='ltr'><strong>xpm,</strong></span> <span class='ocrx_word' id='word_1_62' title='bbox 1653 1854 1723 1929; x_wconf 82' lang='lat' dir='ltr'><strong>Ze·</strong></span> 
     </span>
     <span class='ocr_line' id='line_1_8' title="bbox 269 1954 1719 2056; baseline -0.001 -25"><span class='ocrx_word' id='word_1_63' title='bbox 269 1954 616 2053; x_wconf 87' lang='lat' dir='ltr'><strong>phyrini,Fabiani,</strong></span> <span class='ocrx_word' id='word_1_64' title='bbox 631 1980 672 2031; x_wconf 92' lang='lat' dir='ltr'><strong>ac</strong></span> <span class='ocrx_word' id='word_1_65' title='bbox 689 1960 838 2031; x_wconf 87' lang='lat' dir='ltr'><strong>aliorum</strong></span> <span class='ocrx_word' id='word_1_66' title='bbox 851 1956 1067 2033; x_wconf 85' lang='lat' dir='ltr'><strong>Pontificum</strong></span> <span class='ocrx_word' id='word_1_67' title='bbox 1080 1959 1238 2056; x_wconf 87' lang='lat' dir='ltr'><strong>epistolis</strong></span> <span class='ocrx_word' id='word_1_68' title='bbox 1251 1958 1504 2035; x_wconf 74' lang='lat' dir='ltr'><strong>introdudium.</strong></span> <span class='ocrx_word' id='word_1_69' title='bbox 1530 1957 1613 2031; x_wconf 88' lang='lat' dir='ltr'><strong>Nos</strong></span> <span class='ocrx_word' id='word_1_70' title='bbox 1625 1974 1719 2029; x_wconf 90' lang='lat' dir='ltr'><strong>vero</strong></span> 
     </span>
     <span class='ocr_line' id='line_1_9' title="bbox 271 2054 1718 2151; baseline -0.002 -21"><span class='ocrx_word' id='word_1_71' title='bbox 271 2071 400 2131; x_wconf 88' lang='lat' dir='ltr'><strong>contra</strong></span> <span class='ocrx_word' id='word_1_72' title='bbox 413 2057 480 2129; x_wconf 88' lang='lat' dir='ltr'><strong>hos</strong></span> <span class='ocrx_word' id='word_1_73' title='bbox 493 2059 683 2151; x_wconf 87' lang='lat' dir='ltr'><strong>plerosque</strong></span> <span class='ocrx_word' id='word_1_74' title='bbox 695 2059 765 2151; x_wconf 90' lang='lat' dir='ltr'><strong>jam</strong></span> <span class='ocrx_word' id='word_1_75' title='bbox 782 2078 859 2133; x_wconf 90' lang='lat' dir='ltr'><strong>non</strong></span> <span class='ocrx_word' id='word_1_76' title='bbox 874 2057 1053 2132; x_wconf 79' lang='lat' dir='ltr'>catholice</span> <span class='ocrx_word' id='word_1_77' title='bbox 1066 2056 1282 2151; x_wconf 83' lang='lat' dir='ltr'><strong>sentientes,</strong></span> <span class='ocrx_word' id='word_1_78' title='bbox 1303 2062 1356 2133; x_wconf 89' lang='lat' dir='ltr'><strong>nti</strong></span> <span class='ocrx_word' id='word_1_79' title='bbox 1378 2073 1483 2132; x_wconf 84' lang='lat' dir='ltr'><strong>antea</strong></span> <span class='ocrx_word' id='word_1_80' title='bbox 1496 2054 1718 2131; x_wconf 82' lang='lat' dir='ltr'><strong>Christianus</strong></span> 
     </span>
     <span class='ocr_line' id='line_1_10' title="bbox 270 2154 1722 2253; baseline -0.002 -25"><span class='ocrx_word' id='word_1_81' title='bbox 270 2154 398 2251; x_wconf 86' lang='lat' dir='ltr'>Lupus</span> <span class='ocrx_word' id='word_1_82' title='bbox 425 2168 552 2239; x_wconf 85' lang='lat' dir='ltr'><strong>contra</strong></span> <span class='ocrx_word' id='word_1_83' title='bbox 568 2156 732 2233; x_wconf 85' lang='lat' dir='ltr'><strong>Marcum</strong></span> <span class='ocrx_word' id='word_1_84' title='bbox 744 2155 948 2230; x_wconf 83' lang='lat' dir='ltr'><strong>Antonium</strong></span> <span class='ocrx_word' id='word_1_85' title='bbox 966 2155 1012 2230; x_wconf 88' lang='lat' dir='ltr'><strong>de</strong></span> <span class='ocrx_word' id='word_1_86' title='bbox 1026 2158 1217 2249; x_wconf 85' lang='lat' dir='ltr'>Dominis,</span> <span class='ocrx_word' id='word_1_87' title='bbox 1247 2162 1318 2233; x_wconf 94' lang='lat' dir='ltr'><strong>hoc</strong></span> <span class='ocrx_word' id='word_1_88' title='bbox 1335 2157 1444 2253; x_wconf 88' lang='lat' dir='ltr'><strong>ipsum</strong></span> <span class='ocrx_word' id='word_1_89' title='bbox 1458 2161 1516 2251; x_wconf 85' lang='lat' dir='ltr'><strong>jus</strong></span> <span class='ocrx_word' id='word_1_90' title='bbox 1532 2155 1722 2250; x_wconf 84' lang='lat' dir='ltr'><strong>apellatio·</strong></span> 
     </span>
     <span class='ocr_line' id='line_1_11' title="bbox 271 2254 1724 2351; baseline -0.004 -20"><span class='ocrx_word' id='word_1_91' title='bbox 271 2276 359 2331; x_wconf 88' lang='lat' dir='ltr'><strong>num</strong></span> <span class='ocrx_word' id='word_1_92' title='bbox 376 2270 552 2349; x_wconf 82' lang='lat' dir='ltr'><strong>tamquam</strong></span> <span class='ocrx_word' id='word_1_93' title='bbox 572 2258 610 2331; x_wconf 91' lang='lat' dir='ltr'><strong>in</strong></span> <span class='ocrx_word' id='word_1_94' title='bbox 624 2254 777 2331; x_wconf 84' lang='lat' dir='ltr'><strong>Primatu</strong></span> <span class='ocrx_word' id='word_1_95' title='bbox 793 2256 965 2331; x_wconf 85' lang='lat' dir='ltr'><strong>divinitus</strong></span> <span class='ocrx_word' id='word_1_96' title='bbox 980 2256 1143 2335; x_wconf 87' lang='lat' dir='ltr'><strong>instituto</strong></span> <span class='ocrx_word' id='word_1_97' title='bbox 1158 2256 1472 2351; x_wconf 89' lang='lat' dir='ltr'><strong>comprehensum,</strong></span> <span class='ocrx_word' id='word_1_98' title='bbox 1494 2256 1579 2329; x_wconf 89' lang='lat' dir='ltr'><strong>hinc</strong></span> <span class='ocrx_word' id='word_1_99' title='bbox 1598 2259 1724 2345; x_wconf 83' lang='lat' dir='ltr'><strong>aquo·</strong></span> 
     </span>
     <span class='ocr_line' id='line_1_12' title="bbox 163 2352 1727 2445; baseline -0.004 -14"><span class='ocrx_word' id='word_1_100' title='bbox 163 2376 165 2386; x_wconf 56' lang='lat'><strong>¹</strong></span> <span class='ocrx_word' id='word_1_101' title='bbox 272 2355 365 2431; x_wconf 88' lang='lat' dir='ltr'><strong>libet</strong></span> <span class='ocrx_word' id='word_1_102' title='bbox 382 2354 573 2432; x_wconf 83' lang='lat' dir='ltr'><strong>catholico</strong></span> <span class='ocrx_word' id='word_1_103' title='bbox 594 2352 788 2431; x_wconf 84' lang='lat' dir='ltr'><strong>necessario</strong></span> <span class='ocrx_word' id='word_1_104' title='bbox 811 2356 1094 2445; x_wconf 88' lang='lat' dir='ltr'><strong>admittendum,</strong></span> <span class='ocrx_word' id='word_1_105' title='bbox 1121 2374 1205 2433; x_wconf 88' lang='lat' dir='ltr'><strong>toto</strong></span> <span class='ocrx_word' id='word_1_106' title='bbox 1226 2358 1428 2431; x_wconf 85' lang='lat' dir='ltr'><strong>Corollario</strong></span> <span class='ocrx_word' id='word_1_107' title='bbox 1445 2356 1501 2428; x_wconf 84' lang='lat' dir='ltr'><strong>lv</strong></span> <span class='ocrx_word' id='word_1_108' title='bbox 1520 2352 1727 2429; x_wconf 81' lang='lat' dir='ltr'><strong>vindicavi·</strong></span> 
     </span>
     <span class='ocr_line' id='line_1_13' title="bbox 246 2448 1724 2554; baseline -0.002 -26"><span class='ocrx_word' id='word_1_109' title='bbox 246 2448 249 2464; x_wconf 90' lang='lat'>&#39;</span> <span class='ocrx_word' id='word_1_110' title='bbox 272 2474 374 2544; x_wconf 84' lang='lat' dir='ltr'><strong>mus,</strong></span> <span class='ocrx_word' id='word_1_111' title='bbox 397 2456 459 2527; x_wconf 89' lang='lat' dir='ltr'><strong>ubi</strong></span> <span class='ocrx_word' id='word_1_112' title='bbox 477 2454 557 2528; x_wconf 86' lang='lat' dir='ltr'><strong>data</strong></span> <span class='ocrx_word' id='word_1_113' title='bbox 578 2452 838 2529; x_wconf 81' lang='lat' dir='ltr'><strong>laboriosissima</strong></span> <span class='ocrx_word' id='word_1_114' title='bbox 853 2471 987 2547; x_wconf 88' lang='lat' dir='ltr'><strong>opera,</strong></span> <span class='ocrx_word' id='word_1_115' title='bbox 1004 2457 1251 2554; x_wconf 80' lang='lat' dir='ltr'><strong>nimirumpro</strong></span> <span class='ocrx_word' id='word_1_116' title='bbox 1275 2463 1382 2529; x_wconf 76' lang='lat' dir='ltr'><strong>tentat¹</strong></span> <span class='ocrx_word' id='word_1_117' title='bbox 1404 2456 1455 2528; x_wconf 83' lang='lat' dir='ltr'><strong>rei</strong></span> <span class='ocrx_word' id='word_1_118' title='bbox 1476 2456 1652 2549; x_wconf 84' lang='lat' dir='ltr'><strong>gravitate</strong></span> <span class='ocrx_word' id='word_1_119' title='bbox 1674 2472 1724 2525; x_wconf 82' lang='lat' dir='ltr'><strong>ex</strong></span> 
     </span>
     <span class='ocr_line' id='line_1_14' title="bbox 89 2554 1720 2651; baseline 0.001 -27"><span class='ocrx_word' id='word_1_120' title='bbox 89 2600 93 2609; x_wconf 82' lang='lat'><strong>·</strong></span> <span class='ocrx_word' id='word_1_121' title='bbox 141 2618 146 2651; x_wconf 23' lang='grc' dir='ltr'><strong>,ι</strong></span> <span class='ocrx_word' id='word_1_122' title='bbox 164 2614 176 2631; x_wconf 69' lang='grc'>,</span> <span class='ocrx_word' id='word_1_123' title='bbox 275 2554 615 2629; x_wconf 82' lang='lat' dir='ltr'><strong>documentit&#39;certe</strong></span> <span class='ocrx_word' id='word_1_124' title='bbox 630 2557 843 2628; x_wconf 83' lang='lat' dir='ltr'><strong>authenticis</strong></span> <span class='ocrx_word' id='word_1_125' title='bbox 857 2576 921 2649; x_wconf 90' lang='lat' dir='ltr'><strong>per</strong></span> <span class='ocrx_word' id='word_1_126' title='bbox 937 2559 1059 2629; x_wconf 91' lang='lat' dir='ltr'><strong>omnia</strong></span> <span class='ocrx_word' id='word_1_127' title='bbox 1076 2575 1176 2631; x_wconf 89' lang='lat' dir='ltr'><strong>retro</strong></span> <span class='ocrx_word' id='word_1_128' title='bbox 1192 2556 1307 2631; x_wconf 89' lang='lat' dir='ltr'><strong>secula</strong></span> <span class='ocrx_word' id='word_1_129' title='bbox 1323 2554 1518 2629; x_wconf 85' lang='lat' dir='ltr'><strong>Orientalis</strong></span> <span class='ocrx_word' id='word_1_130' title='bbox 1537 2572 1656 2644; x_wconf 83' lang='lat' dir='ltr'><strong>aeque,</strong></span> <span class='ocrx_word' id='word_1_131' title='bbox 1674 2570 1720 2625; x_wconf 87' lang='lat' dir='ltr'><strong>ac</strong></span> 
     </span>
     <span class='ocr_line' id='line_1_15' title="bbox 275 2648 1723 2749; baseline -0.003 -25"><span class='ocrx_word' id='word_1_132' title='bbox 275 2650 522 2727; x_wconf 83' lang='lat' dir='ltr'><strong>Occidentalis</strong></span> <span class='ocrx_word' id='word_1_133' title='bbox 543 2650 708 2724; x_wconf 81' lang='lat' dir='ltr'><strong>Ecclesiae</strong></span> <span class='ocrx_word' id='word_1_134' title='bbox 734 2654 998 2725; x_wconf 85' lang='lat' dir='ltr'><strong>observantiam</strong></span> <span class='ocrx_word' id='word_1_135' title='bbox 1021 2654 1184 2749; x_wconf 82' lang='lat' dir='ltr'><strong>dedimus</strong></span> <span class='ocrx_word' id='word_1_136' title='bbox 1201 2654 1384 2729; x_wconf 78' lang='lat' dir='ltr'><strong>manifesta</strong></span> <span class='ocrx_word' id='word_1_137' title='bbox 1411 2654 1449 2726; x_wconf 87' lang='lat' dir='ltr'><strong>in</strong></span> <span class='ocrx_word' id='word_1_138' title='bbox 1470 2655 1554 2726; x_wconf 89' lang='lat' dir='ltr'><strong>luce</strong></span> <span class='ocrx_word' id='word_1_139' title='bbox 1578 2648 1723 2745; x_wconf 83' lang='lat' dir='ltr'><strong>conspi-</strong></span> 
     </span>
     <span class='ocr_line' id='line_1_16' title="bbox 274 2748 1722 2849; baseline -0.003 -22"><span class='ocrx_word' id='word_1_140' title='bbox 274 2749 451 2827; x_wconf 86' lang='lat' dir='ltr'><strong>ciendam.</strong></span> <span class='ocrx_word' id='word_1_141' title='bbox 490 2748 578 2849; x_wconf 90' lang='lat' dir='ltr'><strong>Quo</strong></span> <span class='ocrx_word' id='word_1_142' title='bbox 599 2752 780 2843; x_wconf 81' lang='lat' dir='ltr'><strong>precipuo</strong></span> <span class='ocrx_word' id='word_1_143' title='bbox 798 2748 911 2821; x_wconf 88' lang='lat' dir='ltr'><strong>totius</strong></span> <span class='ocrx_word' id='word_1_144' title='bbox 929 2752 1184 2827; x_wconf 73' lang='lat' dir='ltr'><strong>controversie</strong></span> <span class='ocrx_word' id='word_1_145' title='bbox 1200 2752 1246 2824; x_wconf 89' lang='lat' dir='ltr'><strong>de</strong></span> <span class='ocrx_word' id='word_1_146' title='bbox 1263 2750 1462 2826; x_wconf 85' lang='lat' dir='ltr'><strong>isidorianis</strong></span> <span class='ocrx_word' id='word_1_147' title='bbox 1480 2748 1722 2825; x_wconf 81' lang='lat' dir='ltr'><strong>decretalibus</strong></span> 
     </span>
     <span class='ocr_line' id='line_1_17' title="bbox 241 2846 1724 2947; baseline -0.002 -22"><span class='ocrx_word' id='word_1_148' title='bbox 241 2875 242 2883; x_wconf 47' lang='lat'>¹</span> <span class='ocrx_word' id='word_1_149' title='bbox 274 2846 495 2947; x_wconf 76' lang='lat' dir='ltr'><strong>punitorem</strong></span> <span class='ocrx_word' id='word_1_150' title='bbox 510 2867 654 2923; x_wconf 90' lang='lat' dir='ltr'><strong>omnem</strong></span> <span class='ocrx_word' id='word_1_151' title='bbox 669 2848 738 2923; x_wconf 83' lang='lat' dir='ltr'><strong>esse</strong></span> <span class='ocrx_word' id='word_1_152' title='bbox 754 2846 955 2927; x_wconf 74' lang='lat' dir='ltr'><strong>confectam</strong></span> <span class='ocrx_word' id='word_1_153' title='bbox 969 2848 1167 2944; x_wconf 83' lang='lat' dir='ltr'><strong>credimus,</strong></span> <span class='ocrx_word' id='word_1_154' title='bbox 1179 2867 1287 2945; x_wconf 89' lang='lat' dir='ltr'><strong>atque</strong></span> <span class='ocrx_word' id='word_1_155' title='bbox 1304 2849 1493 2925; x_wconf 88' lang='lat' dir='ltr'><strong>evidenter</strong></span> <span class='ocrx_word' id='word_1_156' title='bbox 1505 2846 1724 2923; x_wconf 87' lang='lat' dir='ltr'><strong>demonstra·</strong></span> 
     </span>
     <span class='ocr_line' id='line_1_18' title="bbox 234 2944 1722 3043; baseline -0.003 -19"><span class='ocrx_word' id='word_1_157' title='bbox 234 2995 239 3006; x_wconf 74' lang='lat'>›</span> <span class='ocrx_word' id='word_1_158' title='bbox 274 2966 375 3040; x_wconf 88' lang='lat' dir='ltr'><strong>tum,</strong></span> <span class='ocrx_word' id='word_1_159' title='bbox 405 2947 523 3024; x_wconf 88' lang='lat' dir='ltr'><strong>salsam</strong></span> <span class='ocrx_word' id='word_1_160' title='bbox 543 2969 618 3023; x_wconf 91' lang='lat' dir='ltr'><strong>non</strong></span> <span class='ocrx_word' id='word_1_161' title='bbox 644 2948 778 3040; x_wconf 90' lang='lat' dir='ltr'><strong>solum,</strong></span> <span class='ocrx_word' id='word_1_162' title='bbox 800 2946 860 3021; x_wconf 90' lang='lat' dir='ltr'><strong>sed</strong></span> <span class='ocrx_word' id='word_1_163' title='bbox 881 2944 1064 3024; x_wconf 82' lang='lat' dir='ltr'><strong>&amp;summe</strong></span> <span class='ocrx_word' id='word_1_164' title='bbox 1081 2954 1237 3043; x_wconf 91' lang='lat' dir='ltr'><strong>iniquam</strong></span> <span class='ocrx_word' id='word_1_165' title='bbox 1258 2950 1328 3025; x_wconf 80' lang='lat' dir='ltr'><strong>esse</strong></span> <span class='ocrx_word' id='word_1_166' title='bbox 1348 2947 1534 3023; x_wconf 80' lang='lat' dir='ltr'><strong>catholieae</strong></span> <span class='ocrx_word' id='word_1_167' title='bbox 1549 2945 1722 3021; x_wconf 63' lang='lat' dir='ltr'><strong>Ecclesia</strong></span> 
     </span>
     <span class='ocr_line' id='line_1_19' title="bbox 246 3044 1724 3154; baseline -0.003 -27"><span class='ocrx_word' id='word_1_168' title='bbox 246 3118 250 3127; x_wconf 90' lang='lat'><strong>.</strong></span> <span class='ocrx_word' id='word_1_169' title='bbox 274 3046 558 3140; x_wconf 81' lang='lat' dir='ltr'><strong>accusationem,</strong></span> <span class='ocrx_word' id='word_1_170' title='bbox 580 3048 679 3139; x_wconf 86' lang='lat' dir='ltr'><strong>quod</strong></span> <span class='ocrx_word' id='word_1_171' title='bbox 695 3046 877 3154; x_wconf 70' lang='lat' dir='ltr'><strong>fraudibus</strong></span> <span class='ocrx_word' id='word_1_172' title='bbox 889 3045 960 3121; x_wconf 90' lang='lat' dir='ltr'><strong>sese</strong></span> <span class='ocrx_word' id='word_1_173' title='bbox 975 3052 1102 3123; x_wconf 87' lang='lat' dir='ltr'><strong>irretiri</strong></span> <span class='ocrx_word' id='word_1_174' title='bbox 1121 3048 1337 3143; x_wconf 84' lang='lat' dir='ltr'><strong>permiserit,</strong></span> <span class='ocrx_word' id='word_1_175' title='bbox 1357 3048 1522 3141; x_wconf 85' lang='lat' dir='ltr'><strong>suamque</strong></span> <span class='ocrx_word' id='word_1_176' title='bbox 1540 3044 1724 3141; x_wconf 81' lang='lat' dir='ltr'><strong>pristinam</strong></span> 
     </span>
     <span class='ocr_line' id='line_1_20' title="bbox 273 3142 1721 3245; baseline -0.003 -24"><span class='ocrx_word' id='word_1_177' title='bbox 273 3148 309 3221; x_wconf 82' lang='lat' dir='ltr'><strong>dt</strong></span> <span class='ocrx_word' id='word_1_178' title='bbox 324 3164 447 3245; x_wconf 86' lang='lat' dir='ltr'><strong>puram</strong></span> <span class='ocrx_word' id='word_1_179' title='bbox 463 3150 642 3243; x_wconf 85' lang='lat' dir='ltr'><strong>regiminis</strong></span> <span class='ocrx_word' id='word_1_180' title='bbox 660 3148 876 3241; x_wconf 79' lang='lat' dir='ltr'><strong>disciplinam</strong></span> <span class='ocrx_word' id='word_1_181' title='bbox 893 3150 1088 3222; x_wconf 89' lang='lat' dir='ltr'><strong>recentiori</strong></span> <span class='ocrx_word' id='word_1_182' title='bbox 1107 3142 1190 3223; x_wconf 65' lang='lat' dir='ltr'><strong>ae‘vo</strong></span> <span class='ocrx_word' id='word_1_183' title='bbox 1208 3172 1272 3244; x_wconf 88' lang='lat' dir='ltr'><strong>per</strong></span> <span class='ocrx_word' id='word_1_184' title='bbox 1288 3146 1428 3225; x_wconf 77' lang='lat' dir='ltr'><strong>fitiitias</strong></span> <span class='ocrx_word' id='word_1_185' title='bbox 1446 3144 1721 3241; x_wconf 76' lang='lat' dir='ltr'><strong>lfidori‘epillo·</strong></span> 
     </span>
     <span class='ocr_line' id='line_1_21' title="bbox 271 3240 1720 3341; baseline -0.001 -20"><span class='ocrx_word' id='word_1_186' title='bbox 271 3246 333 3321; x_wconf 82' lang='lat' dir='ltr'><strong>tar·</strong></span> <span class='ocrx_word' id='word_1_187' title='bbox 349 3242 549 3339; x_wconf 79' lang='lat' dir='ltr'><strong>immutari,</strong></span> <span class='ocrx_word' id='word_1_188' title='bbox 588 3268 630 3320; x_wconf 90' lang='lat' dir='ltr'><strong>ac</strong></span> <span class='ocrx_word' id='word_1_189' title='bbox 654 3248 784 3322; x_wconf 88' lang='lat' dir='ltr'><strong>vitiari.</strong></span> <span class='ocrx_word' id='word_1_190' title='bbox 833 3244 1038 3322; x_wconf 82' lang='lat' dir='ltr'><strong>Accendant</strong></span> <span class='ocrx_word' id='word_1_191' title='bbox 1058 3240 1221 3341; x_wconf 75' lang='lat' dir='ltr'><strong>iuniores</strong></span> <span class='ocrx_word' id='word_1_192' title='bbox 1248 3246 1358 3323; x_wconf 86' lang='lat' dir='ltr'><strong>nostri</strong></span> <span class='ocrx_word' id='word_1_193' title='bbox 1381 3248 1470 3341; x_wconf 75' lang='lat' dir='ltr'><strong>iuris</strong></span> <span class='ocrx_word' id='word_1_194' title='bbox 1494 3242 1720 3320; x_wconf 83' lang='lat' dir='ltr'><strong>ecclefiastici</strong></span> 
     </span>
     <span class='ocr_line' id='line_1_22' title="bbox 273 3342 1721 3445; baseline 0 -26"><span class='ocrx_word' id='word_1_195' title='bbox 273 3342 474 3438; x_wconf 77' lang='lat' dir='ltr'><strong>Cruditati&#39;,</strong></span> <span class='ocrx_word' id='word_1_196' title='bbox 515 3364 590 3437; x_wconf 69' lang='lat' dir='ltr'><strong>tluo</strong></span> <span class='ocrx_word' id='word_1_197' title='bbox 616 3343 758 3421; x_wconf 88' lang='lat' dir='ltr'><strong>demum</strong></span> <span class='ocrx_word' id='word_1_198' title='bbox 782 3344 952 3445; x_wconf 84' lang='lat' dir='ltr'><strong>praetensa</strong></span> <span class='ocrx_word' id='word_1_199' title='bbox 974 3343 1104 3422; x_wconf 80' lang='lat' dir='ltr'><strong>falsitas</strong></span> <span class='ocrx_word' id='word_1_200' title='bbox 1128 3346 1250 3422; x_wconf 85' lang='lat' dir='ltr'><strong>lfidcri</strong></span> <span class='ocrx_word' id='word_1_201' title='bbox 1276 3347 1541 3435; x_wconf 84' lang='lat' dir='ltr'><strong>Decretalium,</strong></span> <span class='ocrx_word' id='word_1_202' title='bbox 1585 3342 1721 3419; x_wconf 87' lang='lat' dir='ltr'><strong>&amp;tam</strong></span> 
     </span>
     <span class='ocr_line' id='line_1_23' title="bbox 273 3441 1721 3545; baseline -0.002 -26"><span class='ocrx_word' id='word_1_203' title='bbox 273 3444 470 3519; x_wconf 86' lang='lat' dir='ltr'><strong>clamorosa</strong></span> <span class='ocrx_word' id='word_1_204' title='bbox 489 3446 627 3521; x_wconf 87' lang='lat' dir='ltr'><strong>iliarum</strong></span> <span class='ocrx_word' id='word_1_205' title='bbox 644 3447 848 3520; x_wconf 88' lang='lat' dir='ltr'><strong>criminatio</strong></span> <span class='ocrx_word' id='word_1_206' title='bbox 864 3442 1036 3537; x_wconf 89' lang='lat' dir='ltr'><strong>tendant,</strong></span> <span class='ocrx_word' id='word_1_207' title='bbox 1076 3468 1151 3523; x_wconf 90' lang='lat' dir='ltr'><strong>rem</strong></span> <span class='ocrx_word' id='word_1_208' title='bbox 1168 3447 1303 3523; x_wconf 88' lang='lat' dir='ltr'><strong>scilieet</strong></span> <span class='ocrx_word' id='word_1_209' title='bbox 1320 3466 1398 3520; x_wconf 85' lang='lat' dir='ltr'><strong>noo</strong></span> <span class='ocrx_word' id='word_1_210' title='bbox 1414 3446 1488 3540; x_wconf 82' lang='lat' dir='ltr'><strong>jam</strong></span> <span class='ocrx_word' id='word_1_211' title='bbox 1509 3446 1605 3517; x_wconf 86' lang='lat' dir='ltr'><strong>inter</strong></span> <span class='ocrx_word' id='word_1_212' title='bbox 1620 3441 1721 3545; x_wconf 78' lang='lat' dir='ltr'><strong>disci·</strong></span> 
     </span>
     <span class='ocr_line' id='line_1_24' title="bbox 271 3534 1719 3645; baseline -0.002 -28"><span class='ocrx_word' id='word_1_213' title='bbox 271 3546 378 3639; x_wconf 85' lang='lat' dir='ltr'><strong>pllnae</strong></span> <span class='ocrx_word' id='word_1_214' title='bbox 397 3546 575 3617; x_wconf 85' lang='lat' dir='ltr'><strong>variabilis</strong></span> <span class='ocrx_word' id='word_1_215' title='bbox 591 3546 722 3621; x_wconf 89' lang='lat' dir='ltr'><strong>limites</strong></span> <span class='ocrx_word' id='word_1_216' title='bbox 738 3534 938 3636; x_wconf 74' lang='lat' dir='ltr'><strong>contineri,</strong></span> <span class='ocrx_word' id='word_1_217' title='bbox 966 3542 1026 3620; x_wconf 87' lang='lat' dir='ltr'><strong>sed</strong></span> <span class='ocrx_word' id='word_1_218' title='bbox 1042 3546 1153 3645; x_wconf 80' lang='lat' dir='ltr'><strong>ipsum</strong></span> <span class='ocrx_word' id='word_1_219' title='bbox 1172 3546 1302 3640; x_wconf 81' lang='lat' dir='ltr'><strong>dogma</strong></span> <span class='ocrx_word' id='word_1_220' title='bbox 1321 3544 1540 3618; x_wconf 88' lang='lat' dir='ltr'><strong>catholicum</strong></span> <span class='ocrx_word' id='word_1_221' title='bbox 1562 3541 1606 3615; x_wconf 88' lang='lat' dir='ltr'><strong>de</strong></span> <span class='ocrx_word' id='word_1_222' title='bbox 1622 3542 1719 3637; x_wconf 87' lang='lat' dir='ltr'><strong>jure,</strong></span> 
     </span>
     <span class='ocr_line' id='line_1_25' title="bbox 273 3642 1715 3743; baseline -0.003 -24"><span class='ocrx_word' id='word_1_223' title='bbox 273 3662 392 3737; x_wconf 85' lang='lat' dir='ltr'><strong>eoque</strong></span> <span class='ocrx_word' id='word_1_224' title='bbox 409 3642 600 3722; x_wconf 87' lang='lat' dir='ltr'><strong>admodum</strong></span> <span class='ocrx_word' id='word_1_225' title='bbox 615 3648 750 3743; x_wconf 78' lang='lat' dir='ltr'><strong>praem</strong></span> <span class='ocrx_word' id='word_1_226' title='bbox 767 3644 939 3723; x_wconf 88' lang='lat' dir='ltr'><strong>divinitus</strong></span> <span class='ocrx_word' id='word_1_227' title='bbox 958 3644 1108 3721; x_wconf 82' lang='lat' dir='ltr'><strong>instituti</strong></span> <span class='ocrx_word' id='word_1_228' title='bbox 1123 3644 1296 3721; x_wconf 78' lang='lat' dir='ltr'><strong>Primores</strong></span> <span class='ocrx_word' id='word_1_229' title='bbox 1316 3646 1356 3721; x_wconf 89' lang='lat' dir='ltr'><strong>in</strong></span> <span class='ocrx_word' id='word_1_230' title='bbox 1369 3642 1557 3720; x_wconf 87' lang='lat' dir='ltr'><strong>discrimen</strong></span> <span class='ocrx_word' id='word_1_231' title='bbox 1577 3644 1715 3717; x_wconf 86' lang='lat' dir='ltr'><strong>vocari.</strong></span> 
     </span>
    </p>
   </div>
   <div class='ocr_carea' id='block_1_3' title="bbox 84 3960 1831 4833">
    <p class='ocr_par' dir='ltr' id='par_1_3' title="bbox 417 3960 1719 4061">
     <span class='ocr_line' id='line_1_26' title="bbox 417 3960 1719 4061; baseline -0.002 -21"><span class='ocrx_word' id='word_1_232' title='bbox 417 3961 551 4040; x_wconf 79' lang='lat' dir='ltr'><strong>vlllvo</strong></span> <span class='ocrx_word' id='word_1_233' title='bbox 577 3962 701 4040; x_wconf 82' lang='lat' dir='ltr'><strong>Sed&amp;</strong></span> <span class='ocrx_word' id='word_1_234' title='bbox 723 3960 1018 4061; x_wconf 87' lang='lat' dir='ltr'><strong>dispensationem</strong></span> <span class='ocrx_word' id='word_1_235' title='bbox 1039 3964 1158 4057; x_wconf 72' lang='lat' dir='ltr'><strong>sallii,</strong></span> <span class='ocrx_word' id='word_1_236' title='bbox 1185 3964 1283 4061; x_wconf 89' lang='lat' dir='ltr'><strong>qnod</strong></span> <span class='ocrx_word' id='word_1_237' title='bbox 1304 3963 1601 4061; x_wconf 80' lang='lat' dir='ltr'><strong>Metropolitanis</strong></span> <span class='ocrx_word' id='word_1_238' title='bbox 1620 3982 1641 4035; x_wconf 87' lang='lat' dir='ltr'><strong>a</strong></span> <span class='ocrx_word' id='word_1_239' title='bbox 1660 3982 1719 4038; x_wconf 86' lang='lat' dir='ltr'><strong>ro·</strong></span> 
     </span>
    </p>

    <p class='ocr_par' dir='ltr' id='par_1_4' title="bbox 161 4059 1719 4267">
     <span class='ocr_line' id='line_1_27' title="bbox 161 4059 1719 4166; baseline -0.004 -23"><span class='ocrx_word' id='word_1_240' title='bbox 161 4120 183 4163; x_wconf 21' lang='lat'><strong>¹-</strong></span> <span class='ocrx_word' id='word_1_241' title='bbox 275 4064 387 4143; x_wconf 82' lang='lat' dir='ltr'><strong>marris</strong></span> <span class='ocrx_word' id='word_1_242' title='bbox 404 4059 638 4166; x_wconf 68' lang='lat' dir='ltr'><strong>Pontificibus</strong></span> <span class='ocrx_word' id='word_1_243' title='bbox 656 4068 803 4159; x_wconf 88' lang='lat' dir='ltr'><strong>antiquo</strong></span> <span class='ocrx_word' id='word_1_244' title='bbox 820 4084 922 4139; x_wconf 88' lang='lat' dir='ltr'><strong>more</strong></span> <span class='ocrx_word' id='word_1_245' title='bbox 941 4065 1169 4159; x_wconf 85' lang='lat' dir='ltr'><strong>conceditur,</strong></span> <span class='ocrx_word' id='word_1_246' title='bbox 1188 4070 1368 4163; x_wconf 88' lang='lat' dir='ltr'><strong>improbat</strong></span> <span class='ocrx_word' id='word_1_247' title='bbox 1383 4064 1596 4152; x_wconf 86' lang='lat' dir='ltr'><strong>Febronius,</strong></span> <span class='ocrx_word' id='word_1_248' title='bbox 1616 4084 1719 4137; x_wconf 89' lang='lat' dir='ltr'><strong>eum·</strong></span> 
     </span>
     <span class='ocr_line' id='line_1_28' title="bbox 276 4160 1718 4267; baseline 0 -30"><span class='ocrx_word' id='word_1_249' title='bbox 276 4184 347 4258; x_wconf 88' lang='lat' dir='ltr'><strong>que</strong></span> <span class='ocrx_word' id='word_1_250' title='bbox 364 4166 401 4240; x_wconf 90' lang='lat' dir='ltr'><strong>in</strong></span> <span class='ocrx_word' id='word_1_251' title='bbox 417 4162 526 4240; x_wconf 89' lang='lat' dir='ltr'><strong>finem</strong></span> <span class='ocrx_word' id='word_1_252' title='bbox 543 4160 699 4267; x_wconf 80' lang='lat' dir='ltr'><strong>Pelagiil</strong></span> <span class='ocrx_word' id='word_1_253' title='bbox 717 4184 827 4255; x_wconf 82' lang='lat' dir='ltr'><strong>a.·555</strong></span> <span class='ocrx_word' id='word_1_254' title='bbox 850 4164 893 4237; x_wconf 91' lang='lat' dir='ltr'><strong>ad</strong></span> <span class='ocrx_word' id='word_1_255' title='bbox 910 4160 1146 4261; x_wconf 89' lang='lat' dir='ltr'><strong>apostolicam</strong></span> <span class='ocrx_word' id='word_1_256' title='bbox 1161 4164 1375 4241; x_wconf 86' lang='lat' dir='ltr'><strong>Cathedram</strong></span> <span class='ocrx_word' id='word_1_257' title='bbox 1395 4163 1512 4238; x_wconf 80' lang='lat' dir='ltr'><strong>evetii</strong></span> <span class='ocrx_word' id='word_1_258' title='bbox 1529 4161 1718 4237; x_wconf 87' lang='lat' dir='ltr'><strong>decretum</strong></span> 
     </span>
    </p>

    <p class='ocr_par' dir='ltr' id='par_1_5' title="bbox 232 4260 1831 4361">
     <span class='ocr_line' id='line_1_29' title="bbox 232 4260 1831 4361; baseline -0.003 -21"><span class='ocrx_word' id='word_1_259' title='bbox 232 4342 237 4350; x_wconf 80' lang='grc'><strong>,</strong></span> <span class='ocrx_word' id='word_1_260' title='bbox 274 4279 454 4357; x_wconf 89' lang='lat' dir='ltr'><strong>tamquam</strong></span> <span class='ocrx_word' id='word_1_261' title='bbox 478 4288 517 4338; x_wconf 80' lang='lat' dir='ltr'><strong>cx</strong></span> <span class='ocrx_word' id='word_1_262' title='bbox 538 4264 703 4357; x_wconf 81' lang='lat' dir='ltr'><strong>Ifidoriem</strong></span> <span class='ocrx_word' id='word_1_263' title='bbox 719 4270 913 4361; x_wconf 76' lang='lat' dir='ltr'><strong>promtuaria</strong></span> <span class='ocrx_word' id='word_1_264' title='bbox 934 4264 1093 4359; x_wconf 85' lang='lat' dir='ltr'><strong>profert,</strong></span> <span class='ocrx_word' id='word_1_265' title='bbox 1134 4285 1208 4358; x_wconf 89' lang='lat' dir='ltr'><strong>quo</strong></span> <span class='ocrx_word' id='word_1_266' title='bbox 1228 4260 1397 4347; x_wconf 74' lang='lat' dir='ltr'><strong>Pontifex</strong></span> <span class='ocrx_word' id='word_1_267' title='bbox 1417 4263 1593 4336; x_wconf 84' lang='lat' dir='ltr'><strong>declaratt</strong></span> <span class='ocrx_word' id='word_1_268' title='bbox 1632 4260 1721 4350; x_wconf 88' lang='lat' dir='ltr'><strong>„Ut</strong></span> <span class='ocrx_word' id='word_1_269' title='bbox 1825 4304 1831 4316; x_wconf 80' lang='lat'><strong>·</strong></span> 
     </span>
    </p>

    <p class='ocr_par' dir='ltr' id='par_1_6' title="bbox 276 4354 1723 4459">
     <span class='ocr_line' id='line_1_30' title="bbox 276 4354 1723 4459; baseline 0 -24"><span class='ocrx_word' id='word_1_270' title='bbox 276 4364 461 4459; x_wconf 88' lang='lat' dir='ltr'><strong>„quisquis</strong></span> <span class='ocrx_word' id='word_1_271' title='bbox 478 4361 784 4458; x_wconf 85' lang='lat' dir='ltr'><strong>Metropolitanus</strong></span> <span class='ocrx_word' id='word_1_272' title='bbox 804 4364 897 4441; x_wconf 87' lang='lat' dir='ltr'><strong>ultra</strong></span> <span class='ocrx_word' id='word_1_273' title='bbox 913 4376 986 4437; x_wconf 87' lang='lat' dir='ltr'><strong>tres</strong></span> <span class='ocrx_word' id='word_1_274' title='bbox 1006 4364 1142 4441; x_wconf 85' lang='lat' dir='ltr'><strong>menses</strong></span> <span class='ocrx_word' id='word_1_275' title='bbox 1162 4362 1441 4438; x_wconf 88' lang='lat' dir='ltr'><strong>consecrationis</strong></span> <span class='ocrx_word' id='word_1_276' title='bbox 1460 4360 1528 4435; x_wconf 76' lang='lat' dir='ltr'><strong>suo</strong></span> <span class='ocrx_word' id='word_1_277' title='bbox 1548 4360 1592 4431; x_wconf 92' lang='lat' dir='ltr'><strong>ad</strong></span> <span class='ocrx_word' id='word_1_278' title='bbox 1609 4354 1723 4435; x_wconf 89' lang='lat' dir='ltr'><strong>fidem</strong></span> 
     </span>
    </p>

    <p class='ocr_par' dir='ltr' id='par_1_7' title="bbox 180 4456 1722 4663">
     <span class='ocr_line' id='line_1_31' title="bbox 180 4456 1722 4559; baseline -0.001 -25"><span class='ocrx_word' id='word_1_279' title='bbox 180 4500 181 4504; x_wconf 18' lang='grc' dir='ltr'><strong><em>κ</em></strong></span> <span class='ocrx_word' id='word_1_280' title='bbox 276 4461 400 4559; x_wconf 84' lang='lat' dir='ltr'><strong>„suam</strong></span> <span class='ocrx_word' id='word_1_281' title='bbox 426 4462 702 4557; x_wconf 85' lang='lat' dir='ltr'><strong>exponendam,</strong></span> <span class='ocrx_word' id='word_1_282' title='bbox 743 4458 961 4557; x_wconf 87' lang='lat' dir='ltr'><strong>Palliumque</strong></span> <span class='ocrx_word' id='word_1_283' title='bbox 982 4461 1241 4559; x_wconf 85' lang='lat' dir='ltr'><strong>suscipiendum</strong></span> <span class='ocrx_word' id='word_1_284' title='bbox 1267 4460 1311 4537; x_wconf 89' lang='lat' dir='ltr'><strong>ad</strong></span> <span class='ocrx_word' id='word_1_285' title='bbox 1334 4456 1565 4552; x_wconf 89' lang='lat' dir='ltr'><strong>apostolicam</strong></span> <span class='ocrx_word' id='word_1_286' title='bbox 1588 4456 1722 4533; x_wconf 78' lang='lat' dir='ltr'><strong>sedem</strong></span> 
     </span>
     <span class='ocr_line' id='line_1_32' title="bbox 275 4556 1721 4663; baseline 0.001 -29"><span class='ocrx_word' id='word_1_287' title='bbox 275 4578 381 4659; x_wconf 85' lang='lat' dir='ltr'><strong>„non</strong></span> <span class='ocrx_word' id='word_1_288' title='bbox 402 4559 553 4651; x_wconf 89' lang='lat' dir='ltr'><strong>miserit,</strong></span> <span class='ocrx_word' id='word_1_289' title='bbox 583 4558 763 4638; x_wconf 80' lang='lat' dir='ltr'><strong>commissa</strong></span> <span class='ocrx_word' id='word_1_290' title='bbox 784 4558 847 4655; x_wconf 75' lang='lat' dir='ltr'><strong>sibi</strong></span> <span class='ocrx_word' id='word_1_291' title='bbox 867 4577 988 4638; x_wconf 89' lang='lat' dir='ltr'><strong>careat</strong></span> <span class='ocrx_word' id='word_1_292' title='bbox 1006 4562 1207 4663; x_wconf 85' lang='lat' dir='ltr'><strong>dignitate“</strong></span> <span class='ocrx_word' id='word_1_293' title='bbox 1224 4558 1280 4656; x_wconf 71' lang='lat'><strong>⁴).</strong></span> <span class='ocrx_word' id='word_1_294' title='bbox 1331 4558 1467 4635; x_wconf 88' lang='lat' dir='ltr'><strong>Noluit</strong></span> <span class='ocrx_word' id='word_1_295' title='bbox 1485 4558 1545 4634; x_wconf 88' lang='lat' dir='ltr'><strong>hic</strong></span> <span class='ocrx_word' id='word_1_296' title='bbox 1562 4556 1721 4660; x_wconf 76' lang='lat' dir='ltr'><strong>animad-</strong></span> 
     </span>
    </p>

    <p class='ocr_par' dir='ltr' id='par_1_8' title="bbox 84 4656 1758 4833">
     <span class='ocr_line' id='line_1_33' title="bbox 84 4656 1758 4833; baseline -0.006 -93"><span class='ocrx_word' id='word_1_297' title='bbox 84 4686 89 4699; x_wconf 90' lang='lat'><strong>·</strong></span> <span class='ocrx_word' id='word_1_298' title='bbox 118 4746 122 4755; x_wconf 64' lang='grc'><strong>,</strong></span> <span class='ocrx_word' id='word_1_299' title='bbox 148 4680 162 4709; x_wconf 70' lang='lat'>²</span> <span class='ocrx_word' id='word_1_300' title='bbox 274 4661 420 4739; x_wconf 81' lang='lat' dir='ltr'><strong>uertere</strong></span> <span class='ocrx_word' id='word_1_301' title='bbox 436 4657 636 4735; x_wconf 83' lang='lat' dir='ltr'><strong>Febronius</strong></span> <span class='ocrx_word' id='word_1_302' title='bbox 653 4680 793 4755; x_wconf 86' lang='lat' dir='ltr'><strong>poetram</strong></span> <span class='ocrx_word' id='word_1_303' title='bbox 809 4662 1022 4742; x_wconf 86' lang='lat' dir='ltr'><strong>intentatam</strong></span> <span class='ocrx_word' id='word_1_304' title='bbox 1038 4684 1085 4739; x_wconf 88' lang='lat' dir='ltr'><strong>co</strong></span> <span class='ocrx_word' id='word_1_305' title='bbox 1101 4657 1319 4763; x_wconf 82' lang='lat' dir='ltr'><strong>pctiffimum</strong></span> <span class='ocrx_word' id='word_1_306' title='bbox 1333 4658 1497 4755; x_wconf 85' lang='lat' dir='ltr'><strong>tendere,</strong></span> <span class='ocrx_word' id='word_1_307' title='bbox 1523 4670 1566 4733; x_wconf 90' lang='lat' dir='ltr'><strong>ut</strong></span> <span class='ocrx_word' id='word_1_308' title='bbox 1581 4656 1723 4833; x_wconf 45' lang='grc' dir='ltr'><strong>»ξεῖνοι</strong></span> <span class='ocrx_word' id='word_1_309' title='bbox 1753 4695 1758 4706; x_wconf 83' lang='grc'><em>·</em></span> 
     </span>
    </p>
   </div>
   <div class='ocr_carea' id='block_1_4' title="bbox 249 4923 747 5055">
    <p class='ocr_par' dir='ltr' id='par_1_9' title="bbox 249 4923 747 5077">
     <span class='ocr_line' id='line_1_34' title="bbox 249 4923 747 5055; baseline -0.006 -21"><span class='ocrx_word' id='word_1_310' title='bbox 249 4994 254 5001; x_wconf 92' lang='grc'><strong><em>·</em></strong></span> <span class='ocrx_word' id='word_1_311' title='bbox 285 5033 292 5045; x_wconf 17' lang='lat' dir='ltr'><em>X</em></span> <span class='ocrx_word' id='word_1_312' title='bbox 352 4970 519 5055; x_wconf 66' lang='lat' dir='ltr'><strong>&#39;sepitis</strong></span> <span class='ocrx_word' id='word_1_313' title='bbox 543 4923 747 5055; x_wconf 58' lang='lat' dir='ltr'><strong>adsigllium,</strong></span> 
     </span>
    </p>
   </div>
   <div class='ocr_carea' id='block_1_5' title="bbox 0 0 1985 6132">
    <p class='ocr_par' dir='ltr' id='par_1_10' title="bbox 0 0 1985 6132">
     <span class='ocr_line' id='line_1_35' title="bbox 0 0 1985 6132; baseline 0 0"><span class='ocrx_word' id='word_1_314' title='bbox 0 0 1985 6132; x_wconf 95' lang='lat' dir='ltr'><strong> </strong></span> 
     </span>
    </p>
   </div>
  </div>
 </body>
</html>
