3942 6134
190 1086 386 1166 faor
623 1070 1124 1150 *uu-.-

259 1242 427 1337 „ceteri5
462 1259 540 1318 non
561 1236 672 1328 solum
696 1259 814 1330 nnus,
849 1241 909 1316 sed
929 1239 1049 1335 piures
1066 1243 1192 1336 ntique
1211 1258 1349 1319 noman
1364 1236 1714 1337 sacerdotii'prete·

260 1361 410 1434 „rentes
433 1340 506 1422 sola
525 1341 626 1418 Sedis
648 1333 853 1436 apostolica
875 1340 954 1415 suot
974 1340 1357 1437 authoritatedeJclli.
1407 1341 1520 1436 Cuius
1535 1343 1589 1416 tei
1612 1339 1711 1418 testis

262 1446 400 1536 „etiam
419 1442 492 1538 ipse
512 1441 665 1526 docetur
688 1439 866 1531 Aeacius,
893 1443 1228 1538 qni-preceptionis
1252 1442 1357 1536 hujus
1379 1446 1501 1519 extitit
1522 1459 1711 1517 execrator.

178 1562 185 1566 ·
263 1539 378 1634 „l-loe
400 1541 508 1640 igitur
530 1539 644 1618 modo
665 1541 829 1616 recidens
853 1540 892 1614 in
914 1537 1136 1618 consortium
1161 1543 1411 1618 damnatorum
1432 1543 1467 1617 ἂ
1486 1542 1712 1617 dannatus“

264 1639 392 1736 Itaque
407 1644 467 1716 vel
484 1643 638 1736 primarii
655 1639 816 1726 Orientis
835 1635 1001 1714 Presules
1014 1659 1172 1718 tornanae
1186 1641 1221 1716 S.
1231 1639 1326 1716 Petri
1340 1639 1528 1717 cathedre
1543 1644 1601 1715 ita
1609 1656 1713 1715 mant
1740 1709 1749 1716 .

263 1741 430 1833 funiculi,
467 1757 509 1816 ut
531 1747 574 1814 ab
597 1745 722 1814 eadem
743 1741 850 1813 etiam
874 1737 1101 1816 ereuthorari
1125 1739 1288 1838 possent,
1328 1743 1561 1836 ejusdemque
1576 1742 1715 1834 jurisdi-

228 1849 240 1874 ·
265 1840 421 1916 cilonem
443 1841 638 1938 supremam
660 1845 710 1917 ita
731 1841 1018 1937 venerabantur,
1044 1860 1085 1919 ut
1105 1863 1184 1919 eam
1201 1842 1264 1918 libi
1286 1840 1483 1942 delegatam
1502 1844 1637 1944 honori
1658 1839 1718 1916 du·

269 1956 407 2019 serent.
491 1958 493 1964 ·
1443 1947 1447 1958 ‘
1536 1947 1539 1951 ’

943 2118 982 2238 §.
1011 2143 1053 2213 2.

236 2277 243 2294 ⁴
273 2306 278 2312 -
414 2259 456 2336 Id
480 2260 595 2336 adhuc
619 2262 655 2337 in
678 2259 794 2360 specie
817 2263 862 2339 de
883 2261 1146 2356 Alexandrina,
1191 2261 1353 2340 Orientis
1377 2261 1541 2358 primaria
1561 2256 1656 2335 Sede
1674 2279 1721 2338 ex

270 2359 447 2462 prestanti
469 2362 692 2437 documento
715 2368 827 2456 quinti
850 2365 956 2440 seculi
975 2363 1136 2455 constat,
1173 2363 1273 2460 quod
1293 2361 1386 2458 apud
1404 2367 1438 2435 le
1455 2363 1579 2464 Qnien
1594 2355 1642 2455 l)
1670 2363 1722 2435 in·

272 2467 407 2576 venio?
438 2465 497 2538 ubi
524 2465 560 2536 in
585 2465 710 2537 libello
732 2465 835 2559 hujus
851 2464 1017 2540 Ecclesrae
1039 2466 1187 2541 nornine
1204 2463 1372 2540 Anastasis
1389 2458 1469 2537 P.ll
1492 2461 1635 2558 Legatis
1659 2464 1719 2535 on

270 2567 347 2642 lato
367 2566 442 2637 lraec
462 2565 648 2657 legunturt
672 2565 938 2653 „venerabiles
957 2565 1081 2639 sancia
1098 2563 1277 2650 Ecclesiae,
1292 2583 1449 2638 romanor
1465 2559 1588 2649 Urbis,
1610 2573 1719 2653 atque

271 2659 579 2756 ,‚Alexandri1rae‚
606 2681 681 2738 non
702 2661 816 2736 solum
840 2659 947 2737 fidem
966 2663 1119 2753 renam,
1145 2664 1180 2735 st
1200 2665 1483 2749 immaculatam,
1509 2681 1554 2733 ex
1574 2681 1648 2753 quo
1672 2657 1722 2734 sa·

273 2761 424 2856 „lutaris
441 2763 479 2834 in
497 2762 546 2832 eis
565 2759 774 2854 praedicatus
792 2759 843 2835 est
859 2760 996 2854 sermo,
1017 2762 1076 2837 sed
1094 2764 1201 2836 etiam
1220 2767 1256 2838 in
1274 2763 1403 2860 diuino
1423 2757 1617 2836 ministerio
1635 2779 1723 2834 con·

271 2859 460 2954 „cordiam
488 2858 733 2936 servaverunt.
782 2861 929 2964 Quippe
954 2884 1035 2938 cum
1057 2865 1103 2938 ab
1125 2882 1201 2937 uno
1222 2863 1331 2938 suerit
1350 2865 1389 2938 in
1412 2863 1571 2954 utrisque
1587 2857 1720 2954 jasium

272 2959 385 3053 gfidei
407 2959 678 3034 fundamentum
716 2957 891 3058 (Petrum
914 2981 1154 3037 memoramus
1176 2963 1321 3038 beatum
1341 2961 1580 3057 Apostolum,
1622 2960 1725 3052 cujus

212 3119 214 3122 .
272 3083 367 3155 „per
394 3060 514 3134 omnia
547 3059 580 3133 S.
595 3057 821 3158 Evangelista
847 3060 994 3136 Marcus
1019 3063 1140 3141 extitit
1163 3061 1357 3158 imitator)
1390 3065 1439 3134 ita
1463 3059 1553 3134 nrsr
1576 3060 1724 3151 quando

274 3162 497 3256 „contigerit
522 3161 558 3234 in
584 3164 690 3236 rebus
714 3163 885 3256 ambiguis
907 3161 1067 3254 quedem
1094 3159 1356 3256 Episcoporum
1384 3162 1539 3236 concilia
1562 3161 1724 3234 celebre·

271 3263 353 3354 ‚,ri‚
379 3257 610 3356 Sanllillimus
626 3259 676 3349 is,
702 3263 761 3353 qui
778 3279 933 3333 romana
949 3263 1152 3357 praesideret
1169 3261 1354 3354 Ecclesm,
1380 3255 1725 3338 Reverendiffimum

273 3358 554 3453 „Alexandrinae
571 3361 727 3436 civitatis
745 3359 1066 3457 Archiepiscopum
1084 3361 1283 3460 deligeret,
1322 3378 1363 3436 nt
1378 3364 1427 3436 sui
1444 3379 1562 3434 curam
1581 3361 1656 3434 loci
1672 3356 1725 3434 su·

272 3461 493 3551 „sciperat.“
541 3457 760 3556 Exemplum
773 3459 978 3552 hujusmodi
995 3463 1244 3558 Deleg'ationis
1259 3462 1407 3539 exhibet
1421 3461 1456 3536 S.
1466 3457 1635 3553 cyrillus,
1661 3460 1723 3552 qui

275 3554 455 3631 Caelestini
477 3555 512 3630 P.
532 3558 749 3634 authoritate
765 3555 1442 3660 Nestoriumconllantinopnlitanum
1457 3559 1664 3650 damnauit,
1688 3559 1725 3634 st
1837 3635 1841 3640 ,
1893 3614 1894 3685 3

274 3655 456 3753 Ephelino
472 3653 641 3734 Concilio
662 3659 815 3759 prefuit.

876 3837 1059 3958 is·

424 3979 516 4086 Qua
545 3981 661 4058 adhue
689 3979 891 4080 supersunt,
928 3989 1093 4084 genuine
1122 3982 1157 4060 S.
1174 3982 1311 4062 Leonis
1341 3978 1500 4083 epistole
1531 3977 1727 4072 testantur,

276 4101 442 4182 magnum
464 4081 563 4156 hunc
583 4081 794 4160 Pontificem
816 4087 975 4181 pluribus
995 4086 1295 4189 Delegationibus
1310 4085 1427 4175 suam,
1453 4105 1559 4177 quam
1580 4076 1727 4154 aste-

275 4195 337 4258 tro
368 4183 544 4273 habetet,
583 4181 798 4276 superiorem
825 4184 1108 4279 jurisdictionem
1136 4189 1243 4273 etiam
1272 4188 1310 4260 in
1336 4186 1490 4260 Oriente
1517 4168 1725 4257 exercuisse.

278 4279 338 4356 Sic
367 4302 435 4376 pro
457 4279 535 4362 fide
566 4303 653 4356 vcra
670 4297 808 4358 eontra
829 4283 1095 4378 Eutychianum
1123 4305 1281 4360 errorem
1303 4284 1516 4361 declaranda
1543 4304 1565 4354 e
1590 4277 1724 4353 Latere

277 4379 343 4456 suo
366 4381 524 4478 Legatos
547 4381 659 4474 misit,
698 4391 754 4478 qui
778 4381 943 4478 dtfcnfinni
961 4393 1110 4462 mutatis
1126 4383 1295 4484 cffplertrrt
1313 4385 1404 4481 ll)‚
1440 4388 1570 4476 quibus
1583 4384 1725 4470 tamen,

277 4495 389 4578 prout
406 4479 879 4580 moderationi-congrueret
894 4481 1152 4574 sacerdotum,
1191 4485 1398 4559 facultatem
1418 4478 1608 4569 consciit,
1643 4493 1683 4550 stt
1693 4475 1728 4568 ᾖ
1892 4508 1893 4555 i

278 4581 498 4658 condemnatur
521 4580 692 4682 Presbyter
724 4581 956 4678 (Eutyches)
984 4580 1727 4682 plennfcrtisfosiirntcorrr'gatur,seu2m1'02
1759 4636 1765 4645 -
1892 4600 1893 4685 ζ

277 4703 341 4780 pua
360 4679 521 4772 nlslrillus
539 4683 601 4776 cst,
633 4685 813 4760 relaxatur.-
838 4682 872 4800 fi
890 4699 967 4761 uero
986 4693 1023 4762 irs
1041 4688 1144 4763 eoum
1161 4683 1341 4807 inspiratio
1354 4687 1421 4785 fua
1438 4689 1505 4796 luto
1519 4679 1731 4878 juggalau·

997 4813 1000 4816 ’
1661 4825 1676 4871 r

363 4944 396 5020 ⁸)
417 4939 522 5002 Oriens
542 4943 720 5004 christianus.
739 4946 830 5008 Tum.
843 4965 880 5025 n,
902 4888 1245 5035 p·335.'Patls·17400⁸

324 5021 394 5102 Ἢ)
417 5023 568 5107 inpingo.
587 5029 657 5091 edit.
672 5028 812 5098 Balleriu·
