3942 6134
268 1096 386 1198 ‘268
626 1073 631 1083 ¹
804 1105 1226 1166 ,Μ’

174 1313 177 1318 ·
269 1267 462 1364 „quidem‚
489 1279 531 1353 ut
550 1269 743 1360 nonnulli,
768 1286 838 1358 nec
856 1287 978 1360 parunt
1001 1265 1351 1356 inventiones,
1379 1264 1570 1362 &seriptis
1594 1273 1734 1346 exerci-

270 1373 365 1464 „tati
384 1367 543 1462 asserant,
572 1371 731 1463 plurimis
751 1369 874 1443 seculis
892 1373 1025 1443 nullan
1048 1371 1195 1442 canonis
1214 1367 1429 1465 infringendi
1448 1371 1591 1444 veniam
1611 1371 1748 1446 datam·
1768 1401 1783 1416 ·’

271 1469 422 1564 „suisse,
449 1468 507 1542 sed
525 1469 820 1564 dispensationes,
848 1467 967 1559 stquae
988 1468 1175 1560 darentur,
1194 1466 1458 1542 tantumsuilie
1478 1469 1659 1562 poenaru'm
1679 1493 1738 1545 ca·

272 1572 512 1664 „nonicarum
538 1567 796 1642 remissiones.“
846 1565 955 1662 Agite
980 1565 1195 1662 Episcopolerl
1233 1569 1325 1642 hanc
1358 1566 1509 1660 pristine
1541 1567 1736 1664 disciplina

274 1668 537 1742 observantiam
558 1670 731 1762 exemplo
746 1663 955 1756 restaurate,
996 1667 1029 1737 lit
1048 1689 1115 1739 nos
1133 1665 1297 1762 Pontificii
1314 1665 1429 1740 vestra
1448 1665 1595 1764 vestigia
1617 1665 1737 1764 presso

274 1768 369 1863 pede
386 1765 634 1857 insequemur3
660 1768 729 1840 toti
753 1767 874 1858 potius
891 1763 1055 1841 ucctenae
1076 1765 1289 1840 hodiernum
1311 1763 1611 1858 dispensationum
1632 1769 1748 1843 usum*

274 1865 494 1960 restringite,
520 1887 623 1960 quarn
644 1877 685 1938 nt
705 1865 963 1964 nimiumlargi
988 1868 1025 1940 in
1048 1863 1202 1964 fingulos
1225 1865 1422 1963 Episcopus
1443 1866 1673 1960 extendatis,
1702 1867 1738 1942 δι

275 1983 401 2042 manus
424 1963 559 2043 nostras
582 1967 689 2064 vobis
709 1963 882 2040 dabimus.
1741 1995 1745 2008 ·

424 2313 486 2390 Ad
520 2311 713 2392 domestica
746 2336 815 2392 nos
851 2315 1054 2388 vertamus!
1102 2307 1305 2388 Concilium
1336 2311 1553 2408 coloniense
1586 2337 1618 2388 a.
1640 2321 1739 2408 1536

279 2437 358 2494 can.
370 2412 418 2508 46
438 2418 488 2490 ita¹
509 2405 651 2490 statuit:
676 2417 819 2520 „Quod
837 2414 879 2488 ad
898 2411 1024 2509 gradus
1042 2412 1374 2509 consanguinitatis,
1402 2413 1630 2510 &pllinitatis
1650 2419 1738 2488 atti·

279 2531 392 2612 „net‚
417 2517 477 2606 qui
491 2517 757 2589 matrimonium
776 2511 1074 2600 contrahendum,
1099 2511 1379 2586 ac'contrasium
1400 2514 1590 2602 dirimunt,
1616 2502 1739 2588 decre·
1790 2587 1795 2596 ,

277 2633 384 2709 „tum
408 2612 562 2686 Concilii
585 2616 758 2710 generalis
792 2611 1068 2708 (Lateraoensrs
1084 2607 1168 2706 tv)
1204 2612 1462 2686 observabitur.
1489 2647 1531 2662 -
1580 2609 1657 2685 Ubi
1683 2634 1739 2686 ro·

278 2734 432 2808 „manus
444 2709 610 2784 Pontifex
628 2709 881 2804 dispensatorio
897 2709 1094 2803 diplomate
1111 2713 1375 2786 matrimonium
1394 2710 1752 2802 secuscontradlum'

279 2808 578 2908 „approbandum
596 2809 754 2904 jusserit,
793 2802 1042 2902 examinentur
1061 2809 1185 2882 causse
1206 2809 1429 2908 diligentius,
1468 2831 1544 2903 quae
1564 2809 1739 2902 dispensa·

278 2921 447 3006 „tionem
467 2909 732 2986 extorserunt.“
782 2906 891 2983 Miiiis
908 2910 979 3002 jam
1002 2909 1103 3004 nugis
1126 2907 1271 2998 vestris,
1299 2912 1471 3000 vanisque
1493 2911 1734 3002 diverticulis,

278 3012 389 3104 dicite
412 3007 620 3104 Mogontini
642 3007 837 3084 Censores!
878 3029 990 3101 penes
1011 3027 1116 3098 quem
1140 3006 1357 3084 Coloniense
1380 3007 1582 3084 Concilium
1607 3008 1738 3106 posses·

279 3111 415 3186 fionetn
440 3109 528 3202 juris
556 3108 774 3202 dispensandi
804 3105 1021 3204 agnoverit?
1059 3104 1196 3182 Nonne
1222 3111 1281 3181 vel
1307 3111 1430 3184 invitis
1456 3108 1644 3183 fatendum
1671 3111 1737 3202 est,

278 3215 463 3286 romanam
486 3206 615 3280 Sedem
643 3210 888 3302 intranquilla
915 3203 1125 3300 possesione
1153 3209 1368 3281 matrimonii
1401 3205 1658 3300 impedimenta
1689 3209 1740 3284 di·
1799 3225 1804 3230 ·
1875 3229 1876 3306 l

278 3306 465 3405 spensandi
484 3328 598 3400 usque
616 3309 661 3382 ad
679 3306 883 3382 Concilium
899 3305 1155 3380 'sridentinunt
1177 3305 1309 3380 fuisse?
1337 3307 1414 3382 Aut
1433 3307 1523 3382 fana
1543 3321 1737 3406 negentur,
1875 3315 1876 3338 ¹

282 3429 361 3500 qua
377 3405 608 3493 adduximus,
641 3411 711 3507 toti
728 3390 865 3480 muodo
880 3407 1049 3507 cognita3
1082 3418 1144 3482 aut
1161 3407 1228 3481 alia
1244 3409 1282 3482 in
1296 3407 1738 3506 contrariumprodueau·

282 3520 344 3582 tur
362 3505 469 3580 nobis
489 3504 659 3583 hedenus
679 3507 882 3604 incognita!

432 3827 589 3919 Saltem,
614 3825 800 3920 inquiunt,
824 3825 891 3900 hac
908 3822 1011 3918 super
1027 3845 1067 3898 re
1083 3823 1171 3900 nihil
1187 3825 1226 3906 in
1240 3821 1460 3910 Tridentino
1478 3825 1648 3903 Concino
1665 3823 1737 3902 suit

218 4005 225 4015 ,
285 3922 452 4006 decisum.
501 3929 620 4030 Quam
639 3931 800 4022 optime!
834 3945 941 4024 ergo,
975 3925 1137 4015 inquam,
1174 3949 1255 4012 cum
1274 3927 1353 4024 ipsis
1372 3927 1622 4024 Moguntinis‚
1657 3931 1738 4002 nibil
1805 3961 1809 3972 ·

286 4032 477 4118 correnum,
508 4031 589 4124 quod
606 4050 667 4098 non
684 4023 873 4125 expreffum,
907 4019 966 4098 sed
983 4025 1080 4116 prior
1099 4023 1300 4121 disciplina,
1333 4031 1475 4120 antiqua
1492 4027 1736 4116 consuetudo,

273 4131 321 4204 dr
342 4129 529 4220 tranquilla
544 4122 727 4199 Pontificio
749 4121 932 4221 polieffio,
958 4124 1151 4216 proutjam
1171 4127 1214 4197 ad
1232 4127 1376 4200 oculum
1397 4125 1736 4219 demonstravimus,

284 4231 423 4325 integre
446 4226 593 4300 servata.
644 4221 818 4300 Veterem
839 4224 931 4298 hanc
955 4222 1222 4303 consuetudinis
1245 4224 1506 4300 observantiam
1528 4226 1676 4298 retineri
1701 4224 1737 4298 se

190 4396 202 4406 .
285 4332 384 4402 velle
409 4329 468 4399 vel
490 4325 600 4420 ipsum
619 4316 874 4398 Tridentinum
896 4321 975 4394 satis
996 4323 1207 4413 insinuavit,
1231 4325 1315 4397 durn
1336 4317 1611 4399 indeterminate
1628 4347 1738 4419 gurm·
1873 4327 1874 4406 l

285 4449 417 4522 rrrtuprtr
436 4424 652 4519 dispensandi
670 4424 939 4498 Authotitatem
961 4423 1019 4494 sua
1043 4423 1077 4494 in
1100 4421 1307 4526 possessione
1326 4424 1488 4516 reliquit:
1526 4425 1572 4496 de
1591 4419 1740 4517 pontifi·

286 4529 350 4603 ciis
366 4541 485 4599 autem
505 4523 843 4618 dispensationibus,
882 4523 1021 4595 stextra
1038 4542 1219 4596 romanam
1237 4520 1378 4597 Curiam
1396 4527 1431 4596 se
1451 4521 1650 4619 extendant
1672 4521 1741 4596 sta-

285 4629 379 4717 tuit,
405 4637 447 4697 ut
462 4621 679 4714 Ordinariis,
704 4641 886 4716 tamquam
898 4621 1062 4715 Delegatis
1080 4621 1248 4718 apostolicis
1264 4625 1547 4714 committantur.
1596 4617 1739 4694 Nonne

284 4747 333 4800 eo
350 4723 424 4818 ipso
442 4720 645 4796 Concilium
662 4724 755 4798 hunc
772 4718 988 4815 dispensandi
1007 4719 1212 4794 facultatem
1227 4729 1357 4818 propriu
1373 4715 1576 4797 Autboritntr
1592 4717 1741 4814 Episco·
1872 4805 1873 4822 .

284 4828 339 4918 pis
355 4827 521 4920 negavit,
546 4821 645 4916 quod
662 4817 786 4896 iisdem
805 4837 845 4894 ut
863 4821 1048 4912 Delegatis
1065 4817 1260 4907 pontificiis
1278 4817 1572 4896 committendam
1591 4815 1741 4892 voluit?

287 4919 464 4997 Preterea
484 4925 564 4996 satis
586 4918 737 4998 sollicita
759 4922 830 4997 suit
848 4917 1062 4996 sacrosancta
1078 4919 1269 5017 synodus,
1295 4933 1339 5000 ut
1358 4939 1436 4998 earn
1459 4915 1689 5094 dispensttplriliis
1701 4919 1743 4992 in
