3942 6134
316 1083 364 1149 H
583 1029 632 1044 ι.
828 1095 1162 1140 ..ωε

127 1235 136 1266 ²
256 1246 492 1335 'commiss'um
511 1263 675 1350 regeret,
700 1251 823 1328 divina
840 1250 1086 1346 iurisditiione
1109 1250 1277 1347 preditus
1297 1258 1340 1328 ab
1355 1250 1537 1352 Episcopo
1559 1274 1636 1330 non
1662 1252 1721 1332 des

272 1350 457 1446 pendeat,
483 1356 640 1445 ejusdem
664 1354 858 1444 mandatis,
886 1369 996 1447 prout
1016 1352 1126 1425 visum
1149 1352 1277 1444 fuerit,
1301 1356 1466 1451 refragati
1488 1371 1617 1449 queat,
1642 1358 1724 1428 ordia

170 1455 180 1504 ,·
271 1456 418 1541 marium,
444 1451 480 1524 dt
495 1458 727 1545 immediatam,
752 1454 810 1529 scu
830 1451 926 1528 stfas
947 1450 1018 1541 est,
1042 1451 1217 1527 invidiosa
1237 1455 1304 1528 hac
1322 1477 1420 1529 voce
1441 1458 1514 1545 uti,
1538 1475 1723 1530 ιοιιιπιιι.

140 1561 142 1566 ·
270 1563 335 1622 scm
354 1548 569 1642 potestatem
588 1551 652 1626 suo
672 1554 875 1646 Superiori,
914 1552 986 1627 huc
1004 1549 1075 1639 est,
1107 1547 1309 1646 Episcopo,
1341 1558 1378 1628 in
1398 1556 1562 1646 oriculas
1581 1554 1642 1628 sibi
1664 1551 1724 1624 do·

139 1711 141 1716 .
272 1648 456 1730 mandatas
472 1651 652 1748 abneget?
679 1654 747 1727 Vae
762 1650 968 1747 Episcopis,
995 1650 1020 1724 ss
1039 1653 1196 1724 clamore
1211 1650 1413 1726 nostrorum
1429 1651 1727 1729 Reformatorunt

272 1750 421 1822 excitati
441 1747 644 1845 Presbyteri
669 1752 713 1826 ad
736 1750 951 1826 vindicanda
972 1750 1031 1823 sua
1050 1751 1129 1842 jura
1151 1749 1324 1823 divinitus
1348 1749 1533 1840 concessa,
1581 1751 1615 1823 ds
1638 1751 1727 1824 anti.

274 1848 394 1938 quitus
413 1848 533 1923 habita
561 1850 716 1947 (iniuste
732 1852 876 1946 quidem
892 1849 929 1922 id
943 1846 1078 1939 fieret)
1105 1850 1339 1947 evigilarent!
1370 1850 1447 1947 Jarn
1464 1849 1549 1923 nihil
1568 1851 1645 1922 iliis<
1660 1868 1729 1944 pos

273 1944 410 2021 testatis
434 1953 587 2042 proprias
613 1968 740 2044 prater
765 1952 872 2024 solam
896 1947 1189 2040 ordinationem,
1222 1951 1309 2023 nihil
1332 1964 1450 2024 antem
1471 1948 1726 2040 jurisdictionis

272 2050 427 2140 propriae
448 2048 593 2123 forsitan
614 2066 840 2139 remaneret,
867 2045 992 2120 &hoc
1012 2047 1155 2139 quidem
1179 2067 1225 2122 ex
1246 2050 1424 2142 primaevis
1440 2047 1603 2143 iuribus:
1669 2046 1727 2119 aid

266 2145 356 2242 jusit
368 2165 494 2245 excepta
509 2154 701 2224 ordinatiore
718 2148 908 2244 Episcopus,
929 2149 1015 2242 quod
1030 2149 1201 2242 Presiyttr
1214 2172 1276 2221 sorr
1285 2147 1419 2241 faciut?
1451 2152 1577 2241 quaerit
1593 2149 1626 2221 S.
1676 2147 1726 2217 io-

272 2263 458 2336 ronymus.
494 2247 601 2321 -Sane
620 2249 776 2340 quisquis
796 2249 832 2319 in
851 2248 1063 2339 antiquitate
1082 2244 1315 2322 ecclesastica
1334 2263 1435 2321 totus
1455 2268 1531 2320 non
1556 2244 1605 2319 est
1625 2265 1728 2341 pere«

272 2345 414 2440 gainus3
448 2346 554 2421 facile
570 2346 855 2436 animadvertat,
890 2346 914 2420 st
931 2346 1134 2438 compilatis
1152 2361 1316 2420 veterum
1335 2347 1548 2420 testimoniis
1560 2348 1600 2419 in
1617 2343 1726 2438 pristit

271 2461 320 2516 na
337 2443 395 2517 sua
408 2446 487 2536 jnra
503 2443 637 2520 restitui
654 2460 782 2519 contra
798 2444 995 2541 Episcopus
1016 2444 1215 2537 Presbyteri
1236 2444 1475 2541 postularent,
1514 2444 1602 2518 sicut
1617 2445 1726 2518 hodic

274 2561 402 2617 contra
422 2543 593 2617 summum
611 2542 822 2618 Pontificem
835 2544 1068 2638 quorumdam
1078 2543 1514 2638 Episcoporumadvocati
1530 2546 1726 2634 clamitant,

269 2642 424 2824 }utnihil
436 2641 481 2715 dc
493 2644 782 2738 Archiepiscopis
792 2645 921 2736 dicam,
933 2646 992 2737 qui
1007 2645 1151 2719 aliunde
1164 2645 1296 2719 divinas
1306 2644 1622 2718 institutionisnon
1633 2641 1726 2732 sunt,

289 2741 333 2812 ed
362 2754 500 2816 tantum
531 2745 576 2816 ab
601 2744 788 2817 hominurn
819 2747 1011 2817 voluntate
1037 2743 1138 2820 suant
1160 2745 1296 2819 habent
1324 2741 1578 2832 existentiam)
1608 2743 1726 2822 multo

271 2840 435 2938 pejorem
454 2840 589 2930 causam
607 2841 867 2938 Episcoporutn
890 2844 991 2934 fore,
1017 2861 1120 2935 qnam
1141 2866 1239 2918 nunc
1261 2841 1360 2937 Papae
1383 2842 1659 2935 causanturque
1681 2839 1729 2914 as·

210 3027 214 3036 ¹
273 2934 498 3034 surgentibus
516 2941 721 3016 adversariis
742 2942 812 3016 eise
830 2944 1004 3019 videatur.
1056 2941 1203 3018 Discunt
1225 2964 1311 3040 ergo
1330 2939 1571 3037 intempestivi
1591 2937 1728 3014 nostro·

270 3057 351 3124 tum
373 3038 633 3135 Episcoporum
659 3056 785 3117 contra
810 3038 997 3118 Pontificio
1017 3042 1096 3134 jura
1119 3042 1287 3116 aduocati
1310 3044 1448 3117 cautius
1469 3041 1513 3114 ud
1534 3035 1634 3134 prisci
1656 3039 1740 3118 nvi.

268 3133 349 3232 jura
369 3159 599 3234 provocare²
628 3140 720 3214 &in
743 3140 859 3234 specie
879 3145 923 3216 ab
946 3143 1010 3215 illo
1032 3155 1134 3213 textu
1158 3140 1239 3216 Ast.
1249 3140 1336 3235 XX,
1367 3153 1538 3235 quotam
1562 3138 1728 3230 frequen·¹

273 3249 332 3336 ter
357 3241 576 3330 abutuntur,
610 3238 674 3313 fibi
703 3260 854 3326 cavere,
894 3240 1059 3335 Episcopus
1081 3236 1136 3336 effi
1160 3241 1290 3341 postest,
1334 3256 1371 3314 ut
1392 3255 1532 3336 rcgtrtm
1559 3234 1742 3334 Ecclcsstm
1834 3243 1839 3251 ’

150 3340 154 3345 ’
273 3334 346 3413 Dei
352 3358 361 3407 :
388 3341 521 3430 quippe
538 3357 612 3427 quo
628 3351 754 3423 textu,
777 3337 959 3410 nist-salvis
975 3337 1163 3427 superioris
1180 3338 1268 3410 sedis
1281 3338 1440 3426 iuribus,
1465 3334 1634 3425 &quoad
1649 3356 1729 3426 par·

275 3447 350 3508 tens
369 3437 548 3528 regiminis
569 3432 635 3506 suae
652 3453 745 3506 cnrae
765 3431 1221 3524 commissamesplicetnr,
1245 3430 1412 3523 Episcopi
1431 3431 1489 3503 sut
1505 3429 1731 3524 superiorita-

193 3529 201 3537 ”
275 3545 316 3615 ,ιε
348 3552 430 3628 erga
457 3528 691 3624 Presbyteros
722 3527 932 3604 exciderent
955 3533 1007 3621 a),
1078 3527 1197 3620 AEqua
1225 3530 1328 3601 l'ancc
1359 3528 1607 3622 ponderantur
1637 3531 1729 3606 ficut

274 3625 571 3726 Presbyterorunt
595 3630 691 3720 jura,
725 3625 1057 3721 &Episcopnrum3
1083 3628 1133 3699 ita
1152 3647 1297 3719 quoque
1314 3625 1596 3728 Episcopatus,
1624 3627 1728 3707 &su-

276 3730 392 3832 premi
411 3724 608 3806 Pontificis.
657 3725 737 3804 Filii
756 3725 943 3804 bominum
959 3724 1053 3824 juste
1069 3726 1250 3824 judicate!

249 3968 251 3971 ,
1570 3901 1602 3992 i·
1623 3920 1679 3991 14·
1724 3901 1728 3906 ’

357 4063 395 4148 ²⁸)
415 4061 448 4122 ln
475 4062 609 4139 originali
632 4078 730 4138 grato
754 4074 837 4123 textu
861 4079 922 4122 non
944 4074 1056 4123 tantum
1077 4077 1141 4134 vox
1156 4081 1273 4150 ragin,
1302 4059 1352 4122 sed
1372 4057 1464 4133 muci·
1485 4059 1604 4130 proprii
1618 4062 1730 4141 susem

280 4183 285 4192 ’
368 4225 373 4230 .
400 4178 597 4253 musitassent
612 4169 728 4245 legitur.
768 4168 888 4243 lmplcri
906 4166 1078 4241 scripturam
1094 4181 1228 4242 oportet.
1265 4165 1329 4242 Ego
1347 4179 1443 4224 antem
1463 4165 1669 4236 experientiam
1686 4182 1729 4228 ta.
1792 4199 1814 4250 -ἱ

399 4262 472 4324 siem
491 4265 622 4338 invoco,
649 4267 767 4342 quinam
785 4263 840 4324 lint
856 4262 1017 4324 christiana
1034 4263 1130 4337 piebis
1147 4260 1296 4331 Paiiorea,
1325 4272 1404 4321 certe
1421 4276 1438 4318 a
1455 4259 1521 4320 Deo
1541 4259 1577 4319 ad
1594 4258 1654 4320 hoc
1672 4262 1738 4335 poi

281 4405 286 4412 .
389 4345 463 4424 sti,
492 4350 543 4425 qul
560 4351 655 4411 verbo
673 4365 736 4410 tum
755 4349 891 4423 privato,
918 4365 980 4409 tum
1000 4348 1145 4426 publico,
1172 4349 1203 4406 in
1220 4355 1308 4406 renus
1325 4344 1423 4408 arduis
1443 4343 1582 4414 conniis,
1611 4343 1640 4405 in
1657 4346 1730 4406 alili·¹

286 4507 288 4512 Ι
396 4432 452 4499 ciis.
471 4431 597 4509 solatio,
630 4436 660 4496 in
676 4436 815 4510 periculis
832 4436 935 4495 anime
954 4427 1099 4504 subido,
1129 4433 1159 4489 in
1177 4426 1237 4501 ipsa
1250 4430 1366 4491 demum
1384 4444 1478 4507 morte
1497 4427 1662 4503 ansteum,
1697 4428 1732 4493 dt

330 4564 334 4573 .
400 4517 547 4579 ordinaria
563 4520 815 4582 sacramentorum
837 4517 1046 4580 ministratione
1067 4511 1306 4592 iingtriiquidem
1330 4531 1404 4576 ovea
1427 4514 1533 4575 Christi
1560 4512 1730 4589 inguinem

393 4600 551 4663 universim
570 4620 666 4666 autern
683 4621 800 4683 gregem
815 4599 982 4665 universum
1002 4595 1141 4673 pascuum
1163 4614 1198 4659 an
1216 4599 1316 4673 potius
1332 4601 1419 4674 primi
1430 4599 1543 4660 ordinis
1555 4600 1728 4661 Sacerdotes

284 4711 287 4716 ·
401 4686 488 4758 sunt,
510 4703 551 4747 an·
562 4689 707 4750 secundi?
728 4689 816 4752 Ceste
831 4689 972 4765 inquam,
993 4700 1010 4744 a
1026 4683 1094 4742 Deo
1112 4683 1198 4756 postti
1217 4683 1304 4758 sunt,
1325 4686 1376 4761 qni
1393 4683 1549 4743 etiamnum
1566 4682 1655 4742 bodie
1674 4700 1731 4756 po·

285 4801 291 4821 ·
396 4773 500 4845 pulum
518 4772 574 4833 Dei
592 4791 652 4835 non
670 4773 729 4840 linc
743 4769 872 4843 pmpriae
887 4770 956 4830 trite
972 4767 1135 4828 discrimine
1153 4768 1288 4844 pascendi
1302 4769 1433 4830 officium
1448 4779 1596 4828 exercent.
1635 4767 1668 4827 In
1683 4768 1733 4829 bia

359 4919 362 4926 ,
399 4872 470 4931 ergo
485 4857 515 4916 S.
524 4858 673 4932 Scriptura
686 4856 846 4918 hodiedum
862 4852 995 4929 singulari
1008 4853 1137 4931 quodam
1151 4857 1244 4917 modo
1261 4854 1415 4927 impletur:
1437 4850 1503 4924 bis,
1523 4851 1552 4911 id
1569 4849 1627 4924 eii,
1647 4851 1731 4912 Pres-

231 4965 234 4980 ι
354 4975 356 4980 -
397 4940 509 5015 byterit
529 4957 633 5019 arque,
654 4957 689 5002 ac
705 4937 857 5014 Episcopis
876 4939 908 5000 S.
921 4937 1026 5006 Petrus
1042 4937 1173 5016 scripit:
1200 4937 1327 5038 Ptdiirc,
1347 4940 1398 5003 sta
1412 4936 1522 5017 master
1542 4936 1593 5022 μ’
1610 4938 1640 5004 ι’·
1656 4934 1733 5002 solis

391 5022 671 5111 firmariis·
711 5021 923 5097 nimi-s·
