3942 6134
308 1093 335 1168 4
823 1093 1158 1134 m

266 1255 438 1346 „velavit
454 1253 538 1339 tini,
562 1244 620 1322 sed
637 1243 881 1337 Paternum,
909 1252 1024 1340 quiin
1042 1249 1141 1323 celis
1161 1246 1236 1339 est3
1269 1247 1394 1348 &ego
1416 1251 1500 1328 dico
1521 1255 1607 1345 tibi,
1634 1260 1716 1350 quii

266 1370 337 1448 „tu
362 1377 401 1428 ea
424 1350 570 1440 Petrus,
607 1347 641 1420 δι
670 1347 772 1443 super
796 1349 889 1422 lianc
915 1345 1053 1422 Petram
1076 1345 1261 1424 aedificabo
1286 1347 1477 1427 Ecclesiam
1502 1376 1644 1445 meam,
1681 1357 1715 1429 u

266 1469 410 1564 „porta
431 1449 534 1522 inferi
554 1467 629 1522 non
650 1451 897 1538 prevalebunt
916 1445 1085 1520 adversus
1105 1468 1194 1522 eam.
1245 1446 1293 1522 Et
1316 1451 1380 1522 tibi
1402 1450 1497 1527 dabo
1522 1457 1643 1527 claves
1664 1477 1717 1528 re·

262 1571 350 1644 „gni
370 1551 570 1637 caelorum,
605 1547 899 1640 &quodcunque
920 1545 1086 1640 ligaveris
1107 1545 1381 1639 superterram,
1422 1553 1491 1624 erit
1515 1556 1660 1648 ligatum
1684 1554 1719 1626 dr

263 1653 329 1740 „in
353 1650 470 1737 ooelis,
496 1647 530 1719 dt
551 1647 793 1738 quodcunque
811 1643 959 1716 solveris
980 1646 1081 1739 super
1102 1661 1251 1735 terram,
1278 1649 1346 1720 erit
1364 1646 1519 1722 solutum
1538 1653 1571 1724 dt
1592 1655 1629 1724 in
1650 1674 1716 1726 cie·

262 1747 375 1838 „lis“.
403 1745 645 1820 statmxvl.
699 1746 820 1816 Verba
840 1741 1036 1817 salvatoris
1061 1759 1132 1816 tani
1149 1742 1336 1841 magnifica
1359 1768 1436 1821 non
1459 1748 1560 1822 fuisse
1575 1753 1612 1824 in
1630 1774 1718 1827 ven·

263 1857 363 1934 turn,
403 1845 610 1920 &inaniter
631 1843 676 1916 ad
696 1843 839 1918 Petrum
864 1840 954 1918 dista
975 1840 1135 1916 fidelium
1158 1849 1308 1937 quisque
1329 1846 1413 1920 mihi
1436 1848 1632 1924 necessario
1658 1850 1715 1928 dir·

262 1945 335 2024 tii:
362 1945 436 2020 imo
453 1949 530 2040 quis
550 1943 694 2038 illorum
714 1942 831 2017 sensus
849 1942 890 2016 fit
909 1947 1128 2030 verborum,
1155 1948 1310 2018 notione
1329 1945 1386 2018 sua
1404 1961 1474 2020 tani
1491 1949 1714 2042 simplicium,

260 2041 461 2140 &energia
486 2063 558 2116 tam
577 2045 781 2138 potentium
808 2040 974 2132 indagare
1001 2040 1214 2134 superfluum
1238 2043 1405 2134 forsitan,
1443 2047 1507 2120 nisi
1531 2045 1713 2124 necellitaa

261 2157 435 2256 cogeret,
460 2143 575 2221 videri
597 2141 730 2244 pollet:
754 2140 850 2217 haud
872 2141 968 2218 enim
989 2139 1266 2241 disquisitionem
1287 2147 1492 2240 requirunt,
1519 2146 1578 2224 sed
1601 2163 1715 2222 atteri·

263 2255 416 2322 tionem.

934 2425 969 2540 s.
1002 2448 1042 2517 2.

410 2569 550 2646 Notum
578 2563 630 2643 est
648 2563 742 2642 lianc
768 2568 953 2641 veteribus
979 2569 1157 2662 piaeclpue
1180 2570 1217 2643 in
1238 2566 1391 2646 Oriente
1418 2568 1713 2644 'consuetudinem

260 2665 385 2759 fuisse,
411 2686 452 2744 ut
475 2688 611 2744 novum
633 2689 768 2744 nomen
792 2670 998 2742 hominibus
1021 2669 1188 2742 inderent
1213 2694 1256 2743 ex
1279 2671 1433 2760 quodam
1456 2670 1642 2766 singulari,
1670 2669 1715 2740 ad

261 2771 470 2842 memoriam
489 2764 736 2840 conservando
755 2785 902 2842 eventu.
956 2766 1073 2860 Hujus
1091 2771 1142 2840 rei
1159 2769 1195 2842 in
1215 2769 1260 2844 V.
1271 2769 1319 2842 T.
1337 2770 1409 2861 ipse
1426 2769 1526 2842 Deus
1548 2771 1713 2860 exempla

259 2865 412 2940 instituit
431 2869 584 2953 Abram,
623 2867 791 2960 &Jacob
816 2870 961 2942 nomina
987 2869 1024 2940 in
1046 2867 1252 2961 Abraham,
1290 2868 1324 2942 dr
1349 2867 1451 2942 lsrael
1476 2869 1713 2966 immutanda,

260 2985 412 3056 quorum
441 2963 528 3036 illud
555 2961 695 3040 Patrem
725 2989 860 3064 magnas
888 2967 1165 3054 multitudinis,
1192 2967 1265 3039 hoc
1294 2989 1386 3040 vero
1417 2983 1606 3061 potentem
1633 2987 1715 3061 erga

258 3061 378 3140 Deum
400 3059 635 3160 significabat,
661 3089 737 3142 non
760 3089 856 3141 vano
877 3069 1002 3158 utique
1023 3064 1170 3138 &inani
1192 3066 1327 3162 signo,
1341 3067 1399 3139 sed
1425 3089 1534 3157 vere,
1560 3066 1594 3136 δι
1616 3066 1716 3140 reali·

258 3175 317 3238 ter
336 3159 478 3240 efficaci.
521 3160 612 3240 Cum
634 3169 740 3264 igitur
758 3167 828 3240 Dei
848 3165 957 3240 Filius
974 3163 1135 3257 Simoni,
1160 3164 1262 3262 Jonae
1282 3163 1359 3242 filio
1381 3187 1517 3242 nomen
1539 3165 1716 3256 immutat,

259 3253 645 3355 neocesariensium,
686 3263 744 3337 seu
765 3259 902 3336 Petram
919 3263 1055 3352 jubet,
1084 3265 1261 3337 rationem
1284 3287 1430 3357 quoque
1450 3265 1631 3354 indicans,
1669 3283 1715 3336 eo

257 3349 356 3456 Quod
377 3359 479 3454 supra
496 3361 588 3435 lianc
603 3359 741 3435 Petram
763 3359 999 3434 edificaturus
1021 3359 1062 3434 sit
1082 3357 1276 3433 Ecclesiam
1296 3361 1411 3452 suam,
1445 3367 1541 3452 lupia
1561 3367 1639 3434 lanc
1652 3363 1716 3436 Pe·

256 3473 364 3548 narii,
387 3477 428 3534 ut
444 3467 513 3550 alt,
541 3481 616 3533 non
639 3460 739 3551 supra
760 3477 1030 3552 quamcunque,
1057 3479 1135 3548 qoae
1152 3461 1217 3529 alia
1234 3459 1380 3531 forfitan
1404 3457 1472 3533 esse
1490 3458 1627 3552 posset,
1655 3482 1716 3554 pe·

257 3561 370 3642 Rama
395 3563 474 3652 quis
492 3557 541 3630 est
558 3563 652 3632 inter
667 3557 812 3648 fideles,
839 3561 898 3649 qui
917 3556 1083 3630 adversus
1100 3557 1169 3628 Dei
1184 3555 1311 3630 Filium
1331 3559 1596 3650 blasphemare,
1622 3581 1718 3633 eum·

257 3661 329 3752 que
353 3659 575 3752 vaniloquii,
609 3662 693 3752 quin
716 3658 749 3730 dt
771 3658 996 3748 deceptionis
1018 3676 1165 3750 arguere
1186 3656 1341 3746 audeat,
1372 3657 1466 3751 quasi
1489 3679 1614 3754 magna
1635 3679 1715 3752 pro·
1858 3719 1859 3724 i

256 3747 441 3850 niffione,
481 3760 708 3850 nominisque
734 3757 984 3844 immutatione
1007 3755 1094 3828 nihil
1116 3754 1288 3851 singulare
1311 3751 1419 3829 Petro
1441 3756 1526 3832 dare
1547 3755 1716 3831 voluisset

256 3841 344 3944 ille,
369 3859 470 3950 cujus
491 3859 643 3952 uerbum
664 3863 898 3949 omnipotens
920 3851 991 3956 esi,
1016 3853 1051 3941 ,ἀ
1072 3854 1170 3944 quod
1193 3855 1314 3945 sonat,
1343 3855 1479 3931 efficit?
1503 3851 1627 3928 Petrus
1649 3854 1715 3929 Ec*
1756 3895 1761 3910 ·

257 3955 371 4030 'defiat
393 3955 689 4047 fundamentum,
715 3957 787 4029 hoc
807 3954 1030 4027 immutabile
1051 3953 1121 4026 Dei
1142 3951 1290 4028 effatum
1313 3955 1381 4045 est,
1408 3953 1507 4046 quod
1530 3975 1606 4026 non
1630 3975 1715 4048 piae·

257 4057 406 4146 teribit,
448 4055 509 4129 etsi
534 4059 661 4128 coelum
689 4055 836 4127 &terra
862 4067 1086 4148 praetereant.
1135 4051 1262 4126 Sensus
1285 4052 1344 4124 liic
1369 4055 1563 4124 verborum
1587 4049 1714 4125 Christi

255 4157 422 4228 litteralis
449 4153 522 4243 est,
566 4155 601 4227 δι
622 4157 728 4249 plane
749 4156 945 4244 naturalis,
990 4165 1101 4246 atque
1132 4139 1399 4248 (cum'necesl'e
1420 4150 1463 4222 sit
1487 4150 1531 4222 ad
1554 4168 1715 4226 mentem

257 4251 475 4332 astatium
499 4253 639 4327 divinas
663 4255 888 4346 interpretari
912 4249 1122 4345 scripturas)
1159 4249 1332 4322 unanimis
1355 4249 1517 4322 omnium
1547 4253 1714 4342 omnino,

259 4373 308 4430 ne
326 4357 436 4429 unico
454 4355 596 4448 quidem
616 4355 821 4444 contrario,
848 4350 1015 4425 Ecclesia
1033 4347 1195 4436 Patrum,
1223 4347 1282 4417 vel
1298 4343 1375 4440 ipso
1392 4345 1484 4420 adeo
1501 4347 1715 4422 fatenteFe-

258 4455 415 4544 bronio,
451 4475 513 4527 iiiiii
533 4455 655 4550 obscure
674 4456 809 4528 indicari
829 4453 949 4546 aliquid
965 4451 1156 4543 precipuum
1177 4449 1212 4518 i‘ii
1234 4445 1330 4518 Petro
1345 4463 1414 4543 pia
1434 4453 1564 4542 reliquis
1585 4448 1715 4546 Aposto-

261 4555 301 4628 tis
325 4553 373 4638 ⁸).
407 4549 561 4627 'Possem
578 4558 673 4626 inter
693 4549 840 4626 Grecos
858 4549 1052 4642 Origenem
1073 4543 1274 4635 appellare,
1301 4543 1554 4634 Athanasium,
1581 4546 1716 4642 Grego·

260 4655 351 4728 rium
366 4647 659 4743 Naziancenum‚
686 4647 943 4746 Epiphanium,
969 4639 1285 4735 Chrysostomum,
1311 4641 1506 4738 cyrillum,
1531 4642 1717 4736 Theoplii.

259 4749 413 4842 latium,
441 4753 619 4847 aliosque:
644 4753 740 4825 inter
764 4744 916 4846 Latinos
940 4737 1232 4840 Tertullianum,
1259 4740 1500 4841 cyprianum,
1521 4741 1713 4917 gilarium,

1560 4863 1663 4940 yero·
