3942 6134
574 1264 586 1336 ³
685 1260 759 1401 le
795 1296 854 1401 A
890 1294 951 1403 rr
988 1288 1026 1398 s
1097 1288 1217 1443 rer.

592 1468 1410 1637 'cronoLLnnrn
1561 1478 1573 1491 ’

236 1668 300 1747 ex
345 1646 498 1747 divina
533 1646 798 1747 institutione
839 1648 1101 1743 monarchici
1122 1648 1362 1780 ‚Prionoton
1399 1644 1694 1767 aotiqoiffimir

594 1790 796 1887 Eoclofie
824 1790 1097 1885 documentir
1121 1788 1336 1885 illustrata

210 2168 217 2180 ,
377 2089 510 2169 Partel
527 2096 655 2181 allata,
686 2084 855 2187 profesto
875 2084 1055 2183 pontificii
1073 2084 1247 2163 Primat'ua
1267 2090 1464 2164 immobilia
1483 2088 1694 2168 fundamen·

232 1988 441 2229 Dirlni
463 1992 565 2069 verbi
587 1990 732 2087 eloquia
750 1991 788 2064 in
809 2006 879 2081 eo,
911 1988 971 2080 qni
989 1984 1158 2063 Ecclefic
1172 1928 1359 2065 catholice
1374 1984 1447 2081 eil,
1478 1984 1580 2065 senio
1596 1921 1698 2069 amo

374 2208 411 2267 ta
431 2194 535 2283 sunt,
561 2192 667 2271 nullia
685 2193 969 2283 quibuscumque
989 2188 1138 2263 rationis
1156 2188 1320 2265 humane
1340 2190 1510 2287 argutiis,
1535 2205 1597 2264 aut
1622 2206 1696 2266 tor·

233 2294 402 2371 ilonibua
418 2290 638 2369 infirmanda.
691 2288 746 2363 Ex
762 2291 890 2381 quibua
908 2307 991 2361 cum
1007 2284 1209 2361 reflexione
1225 2290 1369 2374 critica,
1394 2286 1494 2381 quod
1509 2286 1695 2367 confiden-

197 2442 201 2451 ·
233 2411 291 2469 ter
315 2394 462 2481 scribo,
495 2394 533 2466 in
552 2388 698 2465 Partell
719 2386 1060 2475 demonstraverim,
1090 2387 1270 2493 eiusmodi
1293 2384 1471 2461 aeliano
1490 2390 1528 2463 in
1545 2388 1606 2462 sua
1627 2390 1693 2465 Eo·

236 2494 349 2570 clefia
366 2490 565 2567 institutum
587 2488 689 2565 foisse
709 2485 923 2575 Primatum,
954 2486 1016 2577 qui
1034 2508 1141 2580 oere,
1155 2506 1199 2559 ac
1216 2493 1340 2581 proprie
1359 2486 1435 2577 est,
1459 2491 1536 2562 non
1556 2502 1726 2581 tamem]

235 2606 282 2667 ut
305 2590 354 2667 ad
379 2590 551 2665 invidiam
576 2593 683 2687 garrit
701 2586 926 2678 Febronius,
961 2589 1154 2673 arbitraria,
1192 2586 1237 2671 8
1261 2588 1395 2679 obsolute
1415 2586 1693 2679 monarchicoaa

233 2694 309 2788 jam
337 2712 382 2765 ex
398 2688 471 2784 ipsa
486 2690 709 2765 Monarchiae
727 2704 874 2773 natura,
916 2704 995 2777 quae
1015 2685 1100 2758 sacri
1119 2685 1223 2773 huius
1240 2684 1412 2760 Primanus
1430 2685 1598 2784 elimam
1615 2685 1694 2787 jura

234 2792 332 2881 fint,
372 2790 478 2865 facile
500 2789 604 2863 datur
623 2788 785 2883 intelligi.
840 2776 1026 2888 Quidqass
1050 2784 1144 2857 enim
1167 2783 1347 2879 suprema,
1385 2788 1694 2880 caqueillirnirata

232 2888 403 2989 potestas
425 2888 622 2963 universam
649 2886 775 2962 Christi
800 2884 993 2959 Ecclellam
1016 2884 1236 2979 gubernandi
1260 2886 1297 2957 ln
1320 2880 1356 2957 se
1376 2886 1464 2977 iuria
1487 2885 1695 2980 complecti·

167 3031 174 3063 n
234 3008 322 3079 tur,
361 2990 398 3065 id
418 3010 528 3065 omne
551 2986 677 3063 Christi
699 2985 848 3061 Domini
868 2985 905 3059 in
926 2996 1020 3056 terra
1039 2982 1204 3057 universa
1219 2984 1407 3077 vicarius,
1438 2984 1481 3060 B.
1492 2982 1586 3059 Petri
1606 2985 1694 3060 Suc·

233 3090 361 3170 celior
373 3086 503 3184 potest.
554 3084 714 3161 Nimium
729 3084 890 3179 prolixa,
919 3080 1237 3175 &quodammodo
1252 3080 1391 3158 infinita
1405 3082 1601 3159 meafierec
1615 3104 1694 3159 ora·

231 3194 324 3273 tio,
351 3189 376 3261 sr
397 3182 591 3281 pontificiae
604 3182 801 3277 Maiestatir
813 3184 892 3275 jura
908 3184 1051 3269 omnia,
1084 3182 1268 3279 &fingola
1289 3202 1517 3275 enumcrare,
1549 3204 1696 3269 correan-¹

144 3276 157 3295 ’
230 3309 317 3387 que
329 3282 623 3379 amplitudinem,
649 3280 862 3369 efficaciam,
884 3280 1185 3373 applicationem,
1210 3280 1355 3357 &osum
1369 3282 1587 3377 prodiversa
1602 3298 1695 3359 tem-

230 3378 1692 3583 lssllnlllnll'llelllllli‘llll,lllllnlllnllllllt

231 3586 364 3677 loquia
387 3583 509 3675 patrie
527 3578 656 3655 nostrae
673 3580 1089 3675 perniciem-minitantia
1111 3580 1246 3655 selenis
1262 3582 1500 3674 quibusoam,
1539 3599 1647 3677 atque
1665 3602 1690 3657 ο

232 3684 416 3760 diametro
442 3680 615 3775 oppositis
636 3680 849 3755 veritatibus
872 3679 1112 3753 succurrendi.
1208 3681 1455 3783 Quamobrem
1478 3703 1561 3759 eum
1585 3704 1631 3757 ea
1648 3681 1692 3757 fit

233 3786 479 3881 plurimorum
495 3778 606 3853 hodie
622 3778 810 3865 vafricies,
850 3792 892 3851 ot
909 3799 1056 3873 vagam,
1089 3778 1339 3875 &generalem
1357 3778 1459 3877 Papae
1474 3780 1692 3879 potestatem

233 3882 334 3977 quali
355 3877 506 3972 quadarn
527 3876 635 3951 officii
657 3876 774 3970 specie
793 3876 917 3949 nostro
936 3871 1060 3961 seculo
1078 3878 1206 3953 ulltata
1223 3876 1481 3974 profiteantur,
1503 3872 1607 3958 omni
1627 3902 1691 3955 ve·

232 4000 281 4057 ro
300 3979 451 4070 ailurli,
490 3973 711 4069 &specifico
732 3972 928 4066 pontificio
946 3975 1199 4067 jurisdiilionia
1221 3980 1396 4053 exercitio
1417 4002 1523 4071 quam
1543 3978 1691 4057 cautiffi·

233 4101 299 4157 me
316 4081 413 4153 viam
433 4074 675 4173 praecludere,
711 4074 744 4145 ot
761 4070 943 4175 obstacula
964 4094 1104 4167 ponere
1119 4090 1323 4168 enneminta
1358 4100 1427 4177 ego
1442 4082 1540 4156 hicce
1555 4079 1689 4155 arrone

233 4178 424 4257 contraire
446 4176 532 4252 mihi
557 4172 759 4273 proposui,
820 4186 928 4263 atque
951 4174 1049 4249 bunc
1070 4177 1108 4250 in
1129 4172 1240 4251 finem
1264 4191 1403 4279 tantum
1428 4182 1545 4270 aliqua
1564 4181 1608 4252 ad
1631 4198 1691 4253 ex·

233 4284 384 4355 ternum
408 4276 560 4349 maxime
583 4277 740 4373 regimen
767 4266 978 4367 spectantia,
1015 4274 1049 4348 ἀ
1073 4276 1262 4371 plurimum
1284 4276 1415 4352 nostris
1438 4278 1564 4351 dieboa
1584 4278 1690 4359 tolita

231 4377 438 4473 impugnari
455 4372 673 4464 Corollaria,
699 4392 745 4446 ex
761 4368 921 4445 stabilitio
936 4387 1042 4470 annea
1058 4376 1239 4467 principiis
1254 4377 1342 4450 licet
1356 4377 1415 4451 soa
1430 4376 1559 4469 sponte
1573 4376 1690 4453 floen-

234 4475 304 4567 tia,
332 4476 398 4548 hac
415 4488 534 4547 tamen
554 4472 654 4547 l’arte
665 4468 715 4546 lll
734 4470 937 4569 diligentius
954 4470 1073 4547 adbuc
1085 4495 1131 4548 ex
1146 4476 1310 4573 genuino
1324 4474 1548 4571 anoqoiraoa
1559 4496 1688 4563 mooli

230 4576 372 4659 mentia
390 4574 475 4653 mihi
495 4570 596 4651 lumfi
614 4570 854 4661 discutienda,
879 4569 1144 4664 &illustraodn
1749 4573 1754 4584 ’

740 4789 1187 4817 manu—td

873 5024 998 5131 „²³
