3942 6134
338 1092 405 1165 ,ω
695 1090 739 1170 Ι.
865 1110 1241 1161 ..ι-η’,

285 1218 425 1357 'prora
450 1255 511 1333 an
534 1218 620 1336 min
639 1262 677 1339 tn
700 1266 909 1343 moriam
929 1270 1081 1361 recurat
1100 1244 1171 1365 q:
1214 1266 1340 1345 raam
1350 1250 1549 1363 [alumna
1566 1276 1678 1365 nra,
1722 1234 1774 1357 ω’

305 1371 380 1437 cun
398 1366 520 1433 rariora
536 1384 589 1433 cor
608 1366 722 1439 larun
740 1368 865 1441 otiu:
891 1368 947 1467 sat
965 1369 1182 1465 obsmritiu's,
1216 1384 1252 1447 ut
1273 1372 1394 1445 malm
1410 1390 1463 1443 rrr
1481 1376 1660 1453 animaru
1678 1391 1760 1475 praa
1786 1376 1790 1383 ’

306 1472 399 1550 textu
415 1475 600 1570 araretur.
1266 1508 1270 1513 ·
1499 1491 1505 1505 ·

979 1626 1018 1745 §.
1051 1646 1093 1738 ς.
1241 1646 1244 1655 ’

457 1764 539 1841 Hac
556 1766 674 1842 forsan
694 1768 883 1847 occanere
898 1770 1082 1845 molestam
1102 1768 1207 1859 mihi,
1241 1766 1452 1845 &odiosam
1473 1774 1581 1865 plane
1602 1771 1764 1865 quanio·

211 1893 219 1904 ·
289 1877 395 1937 'item
414 1860 545 1957 faciet,
583 1869 669 1960 quid
693 1891 781 1967 ergo
804 1877 843 1947 dr
860 1875 1057 1947 libertatibus
1075 1866 1310 1943 Ecclellarunr
1334 1870 1598 1963 particularium
1620 1873 1664 1947 fit
1688 1874 1764 1947 len.

308 1959 494 2055 tiendum,
525 1986 620 2059 quas
634 1966 730 2044 Galli
749 1970 842 2045 adeo
861 1970 1051 2058 aestimant,
1088 1981 1221 2039 utnon
1242 1966 1303 2043 nin
1325 1986 1392 2063 pro
1408 1970 1504 2056 vita,
1542 1968 1764 2065 &sanguina
1830 1980 1845 2077 s
1866 2020 1870 2041 .

309 2058 462 2137 darentl
488 2067 594 2157 Scio,
617 2085 791 2161 quantum
812 2069 972 2143 humanis
991 2064 1132 2144 auribus
1152 2066 1353 2141 blandiatur
1373 2065 1568 2161 captiosum
1585 2071 1675 2142 illud
1697 2090 1764 2141 no·

308 2179 393 2233 men
414 2168 579 2254 libertas,
595 2171 791 2261 quo'multi
814 2168 907 2242 adeo
930 2165 1178 2261 decipiuntur,
1211 2180 1254 2239 ut
1273 2164 1364 2240 falsa
1385 2168 1559 2241 libertatis
1582 2182 1777 2266 praetextu

208 2340 215 2352 Ι
248 2307 251 2312 <
308 2261 405 2333 avia
422 2267 596 2357 veritatis,
620 2267 790 2341 &salutis
805 2272 981 2350 aberrent
1030 2265 1066 2341 Si
1083 2277 1123 2339 tu
1141 2264 1230 2339 mihi
1244 2268 1506 2358 particularium
1523 2264 1762 2343 Eccleliarum

309 2375 429 2452 certa,
465 2386 545 2457 qua
565 2368 754 2462 gratiarum
773 2368 873 2457 lunt,
910 2363 1117 2459 privilegia,
1157 2379 1220 2439 aut
1242 2364 1410 2439 stabilitas
1431 2368 1524 2439 inter
1546 2366 1763 2441 seinvicem

158 2486 163 2496 ·
307 2467 583 2559 praerogativas,
609 2475 671 2537 aut
690 2464 969 2559 pubiictpaiia,
994 2463 1027 2535 dt
1046 2462 1277 2539 Concordata
1297 2484 1379 2539 cum
1398 2463 1574 2558 Supremo
1591 2460 1762 2541 iactata

306 2552 465 2633 Rellore
480 2564 589 2651 inita,
615 2577 724 2652 atque
740 2566 784 2637 ab
803 2563 933 2647 eodem
952 2559 1162 2637 confirmata
1179 2563 1362 2637 libertates
1379 2565 1565 2653 nominest
1602 2583 1672 2661 ego
1688 2564 1764 2655 qui·

309 2654 391 2727 dem
418 2668 569 2753 proprio
592 2662 742 2735 nomine
769 2663 830 2733 illa
852 2664 973 2754 potius
1002 2660 1179 2749 dicerem,
1218 2658 1254 2737 id
1281 2658 1379 2752 quod
1403 2682 1530 2735 revera
1553 2658 1653 2753 lunt,
1692 2660 1763 2737 scta

306 2753 532 2845 pham'enim
555 2771 706 2850 oportet
732 2757 892 2853 scapham
919 2761 1066 2847 vocarit
1101 2772 1258 2836 attamen
1290 2780 1347 2854 res
1373 2760 1449 2833 illas
1473 2780 1601 2835 omnes
1626 2762 1762 2853 probo,
1869 2786 1870 2831 1

180 2910 184 2918 .
276 2846 366 2946 xsen
384 2858 570 2953 privilegia
591 2856 682 2945 fint,
710 2857 770 2931 seu
791 2858 1056 2954 prerogativa,
1092 2860 1151 2933 leu
1175 2856 1318 2935 demum
1340 2856 1459 2953 palla,
1500 2858 1761 2935 &Concorda
1869 2886 1870 2943 ι

298 2962 365 3051 ta:
406 2958 606 3051 omniailla
625 2955 720 3031 salva
740 2957 832 3047 srnt,
868 2957 1058 3053 &integra
1078 2967 1259 3050 maneant.
1311 2956 1447 3033 Verum
1471 2960 1660 3034 enimvero
1683 2978 1763 3031 non
1869 2952 1870 3035 i

305 3046 381 3125 hoc
401 3052 475 3147 est,
500 3056 598 3148 quod
616 3056 766 3141 nomine
785 3057 965 3151 protensa
985 3059 1158 3134 libertatis
1179 3054 1346 3133 adversus
1366 3055 1495 3151 Papam
1515 3053 1607 3131 solet
1628 3058 1763 3129 intelli·

188 3217 194 3230 .
305 3151 353 3242 gi.
402 3152 610 3248 Antequam
628 3155 696 3231 hac
718 3155 764 3229 de
784 3180 824 3231 re
844 3177 959 3233 meam
979 3174 1048 3250 ego
1067 3152 1181 3235 dicam
1202 3153 1439 3246 sententiam,
1481 3156 1591 3231 velim
1613 3167 1653 3229 tu
1673 3150 1764 3227 mihi

302 3249 545 3347 respondeas,
583 3256 669 3350 quid
690 3255 737 3329 de
757 3260 965 3333 exemtione
984 3256 1030 3329 ab
1053 3254 1262 3337 obedientia
1281 3250 1495 3345 cnidumque
1515 3254 1677 3349 legitimo
1698 3249 1763 3325 Su·
1868 3334 1869 3357 i

305 3352 659 3447 periorie'praesttnda
685 3370 765 3429 tute
788 3354 946 3431 senum?
988 3352 1024 3426 Si
1051 3352 1147 3427 illam
1170 3351 1380 3445 quibusdam
1407 3352 1445 3425 in
1469 3351 1602 3425 casibus
1625 3351 1760 3425 licitam
1868 3410 1869 3423 r

180 3499 184 3513 .
304 3456 433 3541 putes3
465 3474 592 3527 nonne
610 3452 732 3527 saltent
753 3452 1025 3528 fundamentum
1045 3448 1187 3523 firmum
1207 3452 1366 3539 requires
1386 3448 1489 3539 hujus
1515 3444 1771 3525 ertemtionisl¹
1868 3490 1869 3557 3

307 3544 408 3646 Quid
428 3563 469 3623 tu
487 3542 727 3645 cogitares-de
744 3549 887 3625 subdito
900 3554 1075 3642 gaurum
1096 3546 1238 3638 quidem
1258 3548 1501 3619 obedientiam
1520 3546 1583 3623 suo
1602 3547 1758 3639 Princlpi

306 3648 483 3737 preclaris
506 3648 626 3721 verbis
646 3647 867 3740 spondente,
906 3654 943 3723 iu
956 3648 1058 3742 specie
1077 3664 1169 3717 vero
1190 3642 1357 3719 mandata
1372 3641 1563 3749 Principia,
1604 3647 1670 3723 nisi
1691 3649 1759 3739 pla·

307 3760 436 3833 ceant,
461 3760 638 3838 pretextu
659 3750 833 3823 libertatis
852 3740 1065 3821 recusante?
1093 3740 1183 3816 Edit
1200 3764 1333 3838 porro,
1357 3764 1403 3819 an
1421 3742 1614 3821 humanum
1636 3749 1758 3819 valere

306 3838 412 3937 pollis
432 3847 691 3938 quodcumque
706 3846 932 3943 privilegium
951 3843 989 3917 se
1006 3842 1187 3919 eximendi
1213 3846 1258 3916 ab
1278 3841 1486 3919 obedientia
1509 3844 1677 3939 supremo
1696 3841 1759 3915 Ca·

306 3941 372 4035 piti
395 3946 440 4017 ab
460 3947 535 4040 ipso
551 3946 636 4019 Deo
655 3950 829 4026 immediate
849 3940 1013 4021 instituto
1035 3940 1190 4027 debitai,
1206 3940 1325 4017 Edant
1341 3938 1460 4033 Galli,
1485 3940 1697 4037 lrpollunt,
1720 3942 1759 4013 li·
1867 3960 1868 4013 l

263 4073 271 4085 ·
304 4042 487 4142 bertqtum
500 4046 637 4119 suarum
650 4046 842 4141 legitimam
860 4041 1134 4132 authoritatem,
1160 4062 1306 4135 quarum
1328 4042 1388 4115 vel
1406 4043 1597 4117 notionem
1616 4045 1759 4127 tiaram,
1867 4060 1868 4065 ¹

307 4140 343 4213 dt
371 4142 594 4219 constantem
623 4143 707 4217 dare
732 4158 941 4235 nequeunt,
973 4140 1060 4215 hinc
1090 4145 1221 4217 metito
1253 4138 1501 4214 reformidant.
1556 4140 1636 4236 Ego
1670 4154 1757 4238 vero

243 4259 249 4265 ·
305 4258 422 4335 pauca
439 4262 540 4319 nunc
561 4242 608 4315 de
628 4242 802 4335 putatitiae
824 4242 981 4337 ipsorum
999 4243 1154 4315 libertarit
1172 4240 1349 4331 notione,
1384 4241 1543 4339 origine,
1578 4238 1615 4313 da
1634 4238 1759 4315 autho·
1854 4304 1867 4331 ,

307 4340 436 4435 ritate,
459 4344 547 4422 item
565 4342 798 4439 extenlione,
822 4362 865 4419 ac
879 4340 1023 4417 demum
1040 4341 1196 4417 utilitate
1211 4336 1338 4416 dicam.
1674 4365 1679 4375 ·

457 4659 623 4757 Inprimis
640 4590 784 4751 quidem
806 4597 948 4751 liap'ud
964 4510 1198 4750 i3i0s6iiallos
1216 4655 1412 4735 decantata
1431 4658 1498 4731 luae
1512 4644 1685 4739 libertatis
1700 4648 1757 4721 de·
1866 4588 1867 4608 ᾗ

309 4754 513 4839 linitionem
537 4763 687 4871 tiaram,
713 4759 988 4911 &completam
1010 4758 1181 4855 requiras,
1206 4779 1238 4833 e.
1255 4778 1291 4859 g.
1315 4757 1408 4865 apud
1429 4756 1609 4831 anatum
1624 4749 1759 4929 §ligni-

309 4958 979 4984 *m-——n-

387 4992 420 5074 ⁸)
464 4992 670 5068 aulularia
687 4992 837 5070 Religion·
852 4989 947 5065 Char.
959 4996 1008 5087 td·
