3942 6134
317 1072 393 1155 482
540 1048 543 1055 Δ
783 1091 1131 1163 ‚uua-u·
1280 1140 1284 1148 ,

261 1244 316 1320 -ed
335 1232 675 1337 Metropolitanum,
701 1238 915 1323 Nationrle‘s
935 1246 981 1321 ed
1001 1244 1204 1341 Primttem,
1228 1242 1288 1325 seu
1310 1240 1543 1322 Pettinteitnm
1558 1244 1641 1339 iure
1659 1264 1723 1319 on.
1780 1292 1788 1303 x

272 1343 410 1421 dinatio
427 1344 627 1439 pertinere3
660 1366 784 1421 nonne
802 1348 861 1419 vel
878 1351 1048 1423 naturalis
1066 1352 1211 1440 aeq'uitas
1227 1347 1447 1433 concludere
1467 1346 1633 1434 deberet,
1664 1366 1728 1419 er·.

270 1462 319 1541 go
340 1442 538 1521 universale
553 1442 759 1543 Concilium
775 1448 1006 1522 convocandi
1022 1451 1082 1540 jus
1099 1450 1235 1523 summo
1252 1446 1418 1522 Pontifici
1437 1446 1619 1541 proprium
1636 1438 1717 1516 elii

271 1544 310 1617 Si
333 1564 455 1639 operte
480 1546 633 1639 pretium
661 1544 782 1636 foret,
823 1546 897 1619 levi
919 1546 1067 1621 brachio
1093 1547 1227 1641 pollen
1251 1548 1447 1634 evincere,
1489 1548 1610 1639 priore
1631 1541 1716 1615 oiio

98 1658 102 1665 '
238 1696 246 1720 r
272 1640 437 1720 Concilio
459 1644 506 1719 lic
525 1646 569 1717 ab
590 1641 868 1735 Imperatoribus
889 1644 992 1719 fuille
1014 1664 1240 1738 convocate,
1271 1660 1320 1719 ut
1334 1666 1415 1721 non
1436 1645 1510 1719 line
1523 1638 1719 1729 consensu,

273 1745 359 1835 quin
381 1742 414 1817 ἃ
435 1744 608 1817 desiderio
631 1742 844 1843 summorum
867 1741 1094 1823 Pontificum.
1146 1744 1237 1821 Cum
1257 1743 1351 1820 enim
1370 1748 1480 1841 gretia
1499 1743 1568 1816 Dei
1587 1743 1716 1835 dignor

272 1841 395 1917 effecit
415 1858 516 1918 terre
537 1836 738 1937 Principes,
776 1842 897 1935 quiin
919 1844 1031 1925 sinum
1051 1846 1172 1923 seniiae
1194 1845 1358 1920 Ecclestae
1377 1847 1643 1939 reciperentur3
1680 1839 1723 1913 hi

271 1943 336 2017 suo
357 1940 480 2019 officio
503 1940 537 2015 se
563 1943 766 2032 judicarunt
790 1940 1003 2039 obstriiios,
1043 1959 1084 2021 ut
1108 1966 1178 2040 que
1202 1944 1342 2039 pollent
1365 1946 1437 2037 op'e
1462 1938 1638 2029 terrestri,
1682 1936 1718 2011 ut

243 2057 423 2137 externa
445 2043 516 2118 Dei
541 2040 732 2133 Eccleliem
759 2040 1011 2139 adjuvarent,
1033 2046 1137 2121 salvis
1160 2041 1319 2138 ejusdem
1343 2044 1466 2133 inerit,
1491 2039 1541 2113 'ut
1565 2040 1720 2133 propriis

268 2141 419 2235 juribus.
470 2139 684 2218 Hincmarus
700 2140 907 2215 Rhemensts
926 2150 1065 2239 optime
1083 2145 1119 2220 id
1135 2143 1354 2239 perspeiiutn
1371 2140 1515 2230 habuit,
1540 2159 1621 2211 cum
1640 2135 1721 2210 scri·

273 2245 378 2317 beret
403 2242 463 2334 ⁴),
503 2244 641 2319 Concilio
665 2244 832 2341 apostolico
855 2242 1089 2343 Sedisjuffione
1117 2248 1161 2332 ὁ*
1183 2248 1340 2341 imperiali
1364 2246 1581 2319 convocatione
1594 2236 1719 2332 semper

273 2347 348 2417 oiim
361 2338 440 2433 fieri
459 2338 651 2439 consueuiffi.
707 2343 839 2416 Doleat
864 2361 955 2416 veto
976 2344 1199 2433 Febronius,
1225 2342 1323 2437 quod
1345 2341 1531 2426 atta-bile,
1557 2334 1718 2427 lolioque
1901 2365 1903 2444 ,

273 2440 427 2537 scripsit,
454 2452 563 2533 etque
579 2444 685 2515 etiam
703 2439 973 2517 Commentario
990 2448 1028 2518 in
1046 2445 1140 2519 suern
1156 2440 1460 2519 Retraiiationem
1476 2436 1638 2511 nondum
1657 2458 1719 2509 ex·
1901 2447 1902 2450 ‘

195 2572 201 2579 ·
273 2542 425 2633 punxit,
451 2542 646 2634 antiquitus
666 2539 829 2617 Concilio
848 2540 892 2613 ab
912 2544 1191 2635 lmperatoribuo
1213 2557 1438 2630 convocata,
1465 2538 1605 2635 quodam
1622 2542 1718 2610 etiem

273 2646 376 2715 inuito
395 2635 559 2728 Pontifice.
611 2642 814 2741 Quomodo
834 2640 1033 2713 universale
1049 2646 1091 2717 fit
1108 2643 1312 2717 Concilium
1333 2639 1483 2713 santiam
1502 2636 1573 2709 Dei
1588 2631 1718 2709 Eccle-

228 2805 232 2813 ,
272 2738 356 2812 fiam
376 2734 649 2831 representans,
674 2736 773 2832 quod
793 2736 865 2811 fine
884 2738 1057 2813 consensu
1076 2738 1127 2816 sui
1145 2742 1314 2837 legitimi,
1339 2735 1521 2812 er'risto
1541 2733 1719 2831 prepoliti

236 2882 246 2909 f
277 2848 413 2951 Capitis
432 2864 570 2932 tentum
593 2854 691 2933 foret
710 2832 1095 2956 corpoedueOotiot,
1124 2861 1185 2935 noe
1205 2835 1491 2968 σχιᾳμᾳζιικονῖ
1518 2888 1582 2911 -

953 3030 1059 3152 §·l·
1127 3044 1134 3059 '

417 3173 489 3248 Vto
513 3171 733 3252 Febronium
750 3171 906 3253 offendit
916 3174 1163 3252 Conciliorum
1177 3175 1405 3254 confirmatio
1407 3231 1427 3287 ,
1463 3192 1567 3269 quam
1582 3168 1717 3247 Romn-
1761 3122 1789 3189 ,k

272 3277 329 3351 nie
349 3269 535 3371 Episcopis
561 3274 764 3349 demandari
787 3289 890 3369 putat
914 3296 978 3371 per
1003 3275 1104 3353 falsas
1122 3277 1310 3369 Marcelli,
1334 3280 1368 3352 ἃ
1390 3272 1504 3373 Juliil
1532 3271 1719 3365 epistolas:

273 3376 360 3455 binc
375 3376 481 3449 etiem
498 3374 542 3447 eb
559 3372 695 3449 lstdoto
711 3372 1036 3469 deceptos·judicat
1052 3375 1257 3452 Cordinales
1274 3375 1438 3471 Concilii
1440 3372 1645 3449 Tridentini
1664 3372 1721 3445 lu·

277 3488 473 3573 terpretes,
496 3476 555 3567 qui
571 3494 747 3549 canonem
760 3470 848 3551 sels.
863 3498 909 3566 24
923 3474 970 3549 de
984 3464 1205 3562 cremandis
1222 3476 1481 3573 Episcoporurn
1495 3470 1650 3567 synodis
1667 3475 1719 3545 ita

276 3575 521 3650 declararunt:
655 3581 689 3651 in
711 3578 856 3651 conciliis
872 3580 1121 3671 prouincialibus
1144 3574 1337 3665 conduntur,
1356 3579 1514 3672 pollicari
1531 3596 1593 3646 non
1612 3574 1721 3645 delent

273 3673 642 3849 lllllllillll
668 3674 917 3851 riicpe‘irfifii
931 3670 1721 3865 llllllllltlllllllfllllllll

275 3870 356 3969 iplis
375 3870 559 3967 Episcopis
575 3870 751 3967 fideliter,
782 3896 823 3949 ac
836 3878 962 3966 sponte
978 3869 1038 3943 sue
1060 3870 1103 3944 nd
1122 3860 1368 3965 Apostolicnm
1390 3870 1483 3947 Petri
1502 3867 1719 3943 cathedram
1783 3916 1787 3921 ‚

275 3970 395 4047 suiffet
412 3972 573 4046 relatum.
613 3972 667 4047 lta
683 3974 871 4070 presertim
890 3968 1068 4045 Alticnnae
1085 3970 1221 4065 Synodi
1238 3976 1310 4065 jam
1328 3992 1410 4045 aevo
1427 3970 1460 4045 8.
1475 3968 1645 4062 Cypriani
1666 3969 1719 4040 in·

275 4070 384 4167 ligula
400 4066 481 4144 sunt
498 4074 663 4166 exempla
677 4072 900 4167 posterorum
917 4072 1112 4159 memoria,
1142 4092 1211 4144 nee
1229 4066 1303 4145 non
1319 4070 1352 4143 δι
1369 4069 1570 4144 imitatione
1587 4066 1721 4163 dignis·

274 4168 370 4245 frma.
419 4168 510 4246 Non
528 4190 627 4247 certe
641 4170 787 4245 molesta
804 4170 914 4243 hodie
930 4164 1113 4264 Episcopis
1126 4168 1224 4243 foret
1240 4170 1468 4263 synodorum
1487 4164 1717 4242 confirmatio

274 4263 651 4360 Pontificirelervata,
672 4270 1122 4362 liprimorumtemporum
1135 4272 1304 4364 exemplo
1316 4270 1427 4364 parati
1441 4266 1553 4343 essent
1566 4266 1718 4359 proprio

274 4382 381 4443 motu
398 4364 566 4463 suegela
583 4366 792 4443 eum‘saniia
810 4366 922 4457 sede,
949 4366 982 4439 ot
1001 4368 1122 4461 Matre
1134 4366 1292 4442 Ecclefia
1307 4369 1582 4442 communicare.
1634 4364 1718 4438 Me·

275 4470 349 4543 tito
367 4464 518 4559 sospena
533 4488 596 4555 ,res
619 4466 689 4559 eli,
718 4467 740 4542 fi
759 4464 916 4541 Pastores
931 4468 1183 4559 particulares,
1204 4468 1237 4541 ἂ
1255 4466 1474 4557 subordinari
1490 4462 1627 4566 Capitis
1641 4461 1715 4555 iri,

275 4565 311 4638 ut
327 4565 448 4639 summi
472 4564 620 4641 Pastoris
635 4556 888 4642 conscientiam
906 4582 1094 4658 metuunt,
1112 4566 1382 4663 refugiumque.
1433 4565 1462 4639 F
1463 4562 1639 4637 allebut'ut
1657 4579 1730 4635 aut

273 4679 355 4738 tem
368 4663 588 4751 Febronlus,
610 4663 694 4741 dum
710 4664 869 4761 epistole
882 4664 965 4758 Julii
983 4665 1000 4739 l
1024 4660 1069 4741 fl
1084 4666 1287 4741 Orientales
1302 4664 1523 4739 summarium
1535 4662 1720 4755 iudicavit

128 4824 135 4833 .
267 4758 396 4846 ‚ludori
409 4762 560 4855 spurium
572 4762 717 4839 foetum:
743 4763 794 4840 est
807 4763 901 4838 enim
914 4766 1082 4855 illucente
1093 4770 1249 4869 genuine
1262 4764 1426 4869 epistola,
1439 4784 1544 4863 quam
1557 4761 1591 4837 S·
1597 4760 1717 4939 filtha-

648 4890 651 4899 ·
714 4894 717 4901 ⁴
845 4911 849 4919 ·
935 4901 942 4911 ·
1515 4882 1596 4940 ,na
1624 4880 1666 4937 uo
