3942 6134
1178 1047 1182 1054 ,
1399 1045 1417 1060 ,.

765 1069 769 1076 .

252 1272 467 1373 -puiimpur
485 1271 618 1372 salonit
628 1266 727 1363 firper
744 1277 882 1354 tenor,
914 1270 974 1340 erit
995 1269 1152 1360 ligatum,
1175 1264 1358 1362 salutamur
1374 1266 1411 1340 irt
1427 1266 1509 1341 tolo.
1563 1265 1638 1366 Qui
1659 1269 1723 1350 ra

264 1389 360 1449 trum
386 1370 622 1466 quorumdam
645 1384 743 1440 voce
770 1374 930 1450 mutuata
960 1366 1096 1438 exilio
1125 1378 1254 1438 textu:
1304 1361 1507 1465 Quocunque
1528 1371 1723 1464 ligaveritis,

264 1473 651 1570 preeunpuefhiurritir,
676 1466 800 1544 dicunt
815 1464 981 1536 omnibus
996 1461 1183 1559 Apostolis
1200 1466 1299 1561 regni
1314 1467 1486 1542 coelorum
1503 1469 1624 1540 elaver
1641 1465 1725 1545 suis

262 1572 301 1650 se
324 1572 454 1660 datm
494 1569 666 1643 noverint
691 1564 752 1639 sibi
781 1563 958 1657 integrum
985 1581 1030 1636 ex
1059 1564 1118 1637 SS.
1135 1558 1315 1666 *Patribus
1336 1562 1469 1638 sensum
1499 1564 1569 1640 esse
1602 1567 1722 1661 prose·

260 1672 440 1762 rendum,
465 1666 738 1759 addendumque
753 1664 875 1736 claves
890 1656 993 1751 suiffc
1008 1664 1134 1736 cetaria
1150 1684 1215 1758 per
1230 1659 1374 1737 Petrum
1391 1669 1721 1762 communicandae,
1764 1687 1770 1698 ·

260 1771 340 1849 boo
356 1767 428 1860 est,
459 1770 638 1866 regiminis
657 1762 870 1861 potestatem
889 1760 926 1832 in
945 1757 1132 1852 Apostolia
1149 1763 1268 1838 saitem
1290 1765 1334 1837 ab
1351 1765 1410 1836 iila
1427 1758 1522 1839 Petri
1537 1765 1640 1842 fuisse
1660 1770 1721 1843 do·

258 1870 494 1981 pendentem.
546 1866 600 1948 ita
620 1865 777 1959 Optatur
798 1860 1037 1935 Milevitanus
1064 1860 1132 1956 *):
1167 1862 1300 1950 „Bono
1325 1866 1469 1937 unitatis
1483 1863 1524 1941 Β.
1538 1863 1663 1941 Petrus
1685 1868 1722 1954 ἃ

262 1968 450 2065 „preferri
472 1970 642 2043 omnibus
658 1961 1017 2060 Apostoliameruit,
1044 1958 1077 2032 dr
1099 1961 1222 2034 claves
1240 1965 1342 2057 regni
1361 1965 1536 2040 coelorum
1558 1989 1721 2042 commu·

262 2065 463 2165 „nicander
484 2067 613 2141 ceteris
621 2067 713 2163 solus
733 2063 918 2156 accepit.“
1292 2064 1294 2067 ’
1710 2127 1714 2136 .

356 2213 367 2222 --
410 2166 544 2241 Eadem
566 2185 712 2260 quoque
732 2159 912 2257 responsio
933 2157 977 2232 ud
999 2159 1148 2233 alterum
1168 2172 1308 2234 textum
1329 2167 1364 2251 §.
1388 2183 1434 2237 ro
1454 2161 1724 2257 quadraret,ss
1801 2222 1811 2233 ,

260 2280 384 2343 tamen
410 2269 457 2341 ibi
479 2262 623 2340 'tutione
642 2268 825 2359 regimbrat,
864 2261 994 2332 &non
1016 2260 1138 2352 potius
1159 2262 1303 2335 doiirirro
1320 2260 1511 2357 Apostoli,
1547 2265 1721 2360 quemad·-

262 2366 414 2446 nrodum
431 2366 465 2442 dr
480 2363 670 2462 Prophetae
688 2363 960 2440 fundamentum
975 2355 1142 2434 Ecclefiae
1161 2374 1392 2438 vocarentur.
1463 2383 1466 2388 ·

409 2687 521 2793 Quod
548 2708 640 2762 vero
666 2684 710 2760 ad
734 2686 878 2761 tertium
898 2686 969 2779 jam
994 2685 1123 2781 spellat
1146 2696 1308 2779 textum,
1350 2684 1515 2787 Episcopus
1535 2683 1591 2787 effe
1607 2685 1721 2787 positar

260 2791 305 2869 ad
317 2794 481 2882 regmen
499 2788 566 2862 Dei
585 2787 777 2883 Ecclefirm3
797 2787 887 2860 ¹nibil
907 2789 1014 2878 plane
1031 2786 1273 2879 frequentius,
1292 2810 1402 2881 ¹quarn
1422 2793 1498 2863 haec
1516 2807 1621 2863 vetur
1638 2812 1722 2864 can·

261 2892 375 2966 tilcna
394 2890 431 2962 in
451 2908 516 2960 ore
534 2887 793 2961 hodiernorum
811 2907 856 2959 ex
871 2884 899 2958 F
901 2885 1040 2958 ebronii
1062 2885 1181 2960 schola
1196 2887 1382 2965 hominum
1403 2887 1563 2976 reson'at3
1593 2888 1731 2974 eadem,

258 2986 432 3082 fiquidern
453 2985 588 3062 chorda
612 2989 773 3080 plerique
794 2988 976 3060 oberrant.
1033 2983 1104 3058 Hic
1126 2986 1200 3081 ipse
1223 2988 1325 3058 locus
1354 3003 1444 3059 vero
1469 2987 1602 3156 infipne
1626 2986 1720 3060 testi·

258 3089 425 3166 monium
448 3083 500 3160 est
520 3102 647 3161 contra
673 3087 888 3180 atheologos
909 3086 1123 3178 plerosque,
1161 3099 1271 3177 prout
1288 3082 1408 3157 nostra
1427 3100 1510 3157 aetns
1547 3101 1623 3175 ert,
1659 3085 1722 3180 Ju·
1780 3115 1787 3125 ·

253 3184 505 3271 risconsultor,
531 3200 702 3275 quantum
719 3184 856 3256 inscitia
871 3184 929 3252 sua
946 3184 1185 3272 abripiuntur}
1212 3181 1305 3249 adeo
1321 3194 1361 3249 ur
1379 3186 1527 3272 proprio
1547 3179 1582 3253 se
1597 3180 1633 3254 se
1646 3185 1728 3278 gla-¹

151 3281 153 3289 ’
256 3287 322 3361 dio
348 3285 486 3354 incauti
506 3281 745 3351 confodimur
784 3278 998 3362 nonenim,
1036 3273 1098 3346 nist
1122 3273 1232 3346 solum
1255 3292 1390 3347 nomen
1413 3277 1633 3371 Episcoporurn
1656 3279 1722 3375 est,

258 3381 359 3480 quod
373 3376 566 3453 causaesuae
578 3370 683 3469 poffit
698 3374 934 3467 patrocinari,
960 3372 1076 3445 sensus
1090 3393 1181 3443 vero
1194 3373 1266 3466 ipse
1278 3372 1418 3469 allegati
1432 3377 1720 3460 textusndiXX.

259 3501 365 3579 quarn
383 3480 538 3552 maxime
556 3469 742 3568 potestatis
760 3475 954 3570 cprjcopriis,
982 3483 1092 3565 prout
1110 3470 1222 3545 hodie
1241 3473 1467 3564 extenditur,
1494 3478 1720 3569 amplitudini

258 3576 477 3658 adversatur.
525 3572 600 3647 Ret
618 3577 751 3668 quippe
773 3589 958 3665 comperta
980 3569 1052 3659 est,
1088 3571 1185 3663 quod
1208 3573 1329 3666 primis
1349 3572 1610 3668 Apostolorum
1631 3593 1720 3658 torn·

258 3681 408 3777 poribus
426 3675 624 3769 appellatio
642 3671 810 3770 Episcopi,
846 3672 935 3745 srcut
955 3670 990 3743 dt
1009 3671 1195 3765 Presbyteri
1213 3675 1382 3745 omnibus
1401 3673 1460 3748 seu
1482 3676 1585 3768 primi
1596 3729 1608 3768 ,
1654 3679 1717 3755 seu

259 3774 403 3857 secundi
426 3773 562 3864 ordinis
581 3771 825 3846 sacerdotibus
844 3772 1046 3858 communis
1066 3769 1200 3862 suerit,
1234 3772 1305 3859 ita,
1342 3785 1383 3844 ut
1405 3776 1464 3847 vel
1485 3791 1573 3849 nota
1594 3779 1719 3856 critica

260 3878 405 3955 erudito
425 3876 467 3949 fit
489 3871 763 3967 Rumpunt),
802 3870 1061 3945 documentum
1085 3868 1279 3964 apostolica
1303 3884 1406 3944 aetate
1427 3879 1608 3950 recentius
1631 3878 1717 3972 else,

260 3981 287 4055 sr
310 3982 346 4051 in
367 3994 415 4050 eo
433 3977 598 4069 jamnon
618 3971 838 4068 promiscue,
864 3968 923 4043 sed
943 3992 1024 4044 cum
1046 3967 1245 4046 discrimine
1261 3967 1307 4043 ad
1323 3969 1491 4047 nostrum'
1502 3974 1636 4053 sensum
1652 3999 1718 4052 no·

258 4082 354 4155 mina
368 4078 428 4149 illa
446 4073 636 4171 Episcopus,
662 4070 1104 4165 &Pnsbpter'occurrunn
1165 4067 1263 4145 Hinc
1280 4070 1476 4165 S.Paulut,
1502 4074 1716 4171 ubiEpisco·

258 4197 389 4275 porum
411 4172 529 4247 officia
550 4170 715 4245 describit
739 4167 1016 4258 t.Timotb.ill,
1036 4171 1070 4241 dt
1086 4167 1163 4243 Tit.
1175 4169 1203 4261 l,
1224 4186 1286 4244 aut
1306 4175 1368 4246 ubi
1389 4173 1534 4259 salutem
1551 4172 1716 4270 Episopia
1828 4197 1832 4202 ‘

261 4279 373 4365 dicit,
410 4289 453 4346 ut
473 4271 752 4363 Philippenfibua
765 4269 792 4344 l.
813 4268 961 4370 eotdern
981 4271 1107 4343 nullibi
1127 4292 1147 4341 a
1171 4267 1390 4363 Presbyteris
1412 4271 1613 4368 distinguit,
1653 4272 1716 4349 sed

210 4419 216 4429 -·
258 4391 400 4453 tantum
423 4393 442 4445 a
466 4372 651 4446 Diaconir.
699 4368 845 4465 Insuper
865 4386 984 4442 autem
1010 4367 1047 4441 id
1070 4372 1224 4468 allegato
1248 4389 1293 4443 ex
1314 4375 1401 4447 ioco
1425 4392 1472 4445 eo
1491 4375 1619 4446 clarius
1642 4377 1715 4448 elu-

257 4494 339 4566 cet,
364 4470 464 4566 quod
479 4471 610 4558 iidem,
643 4472 703 4562 qui
720 4481 818 4544 nune
833 4489 872 4539 v.
891 4473 938 4553 28
955 4467 1141 4563 Episcopi,
1168 4469 1202 4543 dt
1218 4467 1384 4546 Ecclesrae
1403 4471 1574 4546 Rediores
1592 4472 1715 4546 dicun·

256 4589 341 4664 tur,
379 4571 536 4665 supra-v.
557 4590 600 4663 ¹7
619 4566 841 4665 Presbyteri,
883 4568 920 4641 id
936 4565 1013 4659 est,
1043 4568 1204 4665 Majoret
1219 4589 1306 4645 natu
1332 4569 1496 4645 Ecclesrae
1518 4591 1711 4647 vocantur.

256 4674 367 4751 Certe
384 4667 578 4745 Ecclefiam
602 4689 726 4766 regere
747 4670 938 4768 cujuslibet
958 4666 1150 4744 sacerdotis
1170 4671 1241 4757 est,
1281 4674 1340 4764 qui
1361 4671 1614 4747 hodiedumin
1639 4669 1711 4758 ipsa

257 4774 489 4850 ordinatione
506 4769 566 4844 sut
578 4767 703 4869 praeeffl
715 4773 871 4863 jubetur.
919 4768 1020 4943 (ἒιίἀ
1035 4769 1152 4868 ergoi
1190 4768 1400 4864 Presbyter,
1434 4787 1474 4842 ut
1488 4790 1631 4867 gregem
1648 4772 1712 4849 libi

592 4964 939 4996 ...........-..—
998 4892 1020 4945 2
1563 4892 1661 4949 com·

176 5027 182 5034 .
257 4957 627 5094 W„
640 5004 871 5071 mmmm,
956 5006 1014 5091 οι)
1034 5003 1248 5108 conmenta,
1264 5001 1477 5110 §.unauna
1564 5085 1567 5090 ,
