3942 6134
276 1283 279 1290 .
304 1303 398 1382 „pet
411 1295 593 1357 mmmm
612 1275 755 1352 curtam
776 1274 881 1354 etiam
900 1287 1076 1370 pretextu
1092 1270 1423 1375 crucesig'na‘tiotrie
1440 1279 1631 1362 Laicorum
1648 1289 1756 1369 extra

305 1383 476 1476 ,tempus
500 1367 650 1475 pellegit·
671 1397 749 1476 pon
776 1377 1071 1477 recipianturdc
1091 1379 1161 1452 illie
1188 1379 1442 1476 cognoscendo
1466 1386 1504 1458 in
1525 1384 1655 1477 Curia,
1687 1391 1756 1466 vet
1782 1443 1788 1450 .

304 1489 433 1574 ,senua
447 1477 743 1570 committendo,
766 1478 844 1552 ¹uili
863 1477 913 1552 do
933 1475 1105 1551 consensu
1125 1480 1290 1574 partium.
1335 1480 1435 1582 -Que
1454 1499 1544 1556 ueto
1562 1489 1607 1558 ad
1627 1487 1756 1566 sotum

266 1644 271 1654 .
301 1577 603 1674 „ecclesiasticum
624 1579 832 1670 pertinent,
853 1577 889 1649 dc
907 1573 952 1650 de
968 1579 1051 1666 juro
1074 1575 1156 1650 sunt
1172 1596 1240 1670 pet
1258 1580 1556 1672 appellationem,
1582 1601 1646 1657 aut
1663 1589 1751 1660 aliu

301 1681 377 1772 ,‘,ad
395 1683 578 1754 romanam
598 1673 739 1752 Curiam
753 1676 970 1765 'devolute‚
995 1696 1039 1750 ao
1057 1672 1105 1745 de
1125 1674 1177 1747 sui
1197 1691 1324 1750 natura
1343 1677 1380 1750 in
1400 1679 1525 1752 eadem
1549 1682 1752 1776 tonante,

260 1827 263 1830 -
304 1777 530 1869 „tractentur
555 1777 591 1849 in
621 1797 694 1866 aa,
720 1789 850 1876 uetere
876 1774 1150 1851 committantur
1176 1774 1214 1844 in
1234 1771 1416 1864 l'artibnt,
1448 1777 1513 1851 nili
1539 1778 1657 1854 forsan
1682 1805 1754 1875 pru

301 1875 473 1968 „causs'e,
510 1875 544 1948 dt
567 1875 791 1969 personatum
814 1876 985 1966 qualitate
1007 1874 1045 1944 in
1066 1868 1311 1946 commissione
1329 1877 1659 1966 exprimendrillaa
1682 1895 1751 1954 tra·

302 1974 413 2070 „stari
435 1977 471 2047 ln
491 1973 597 2048 Curia
615 1973 802 2067 expediret
817 1994 885 2067 pro
898 1969 1032 2065 lustitia
1051 1991 1072 2042 c
1126 1968 1324 2063 sequenda,
1350 1973 1413 2044 vel
1428 1969 1473 2046 de
1492 1971 1646 2052 Partium
1662 1998 1754 2054 con·

300 2073 427 2168 „sensu
447 2075 484 2146 in
505 2069 613 2145 Curia
634 2071 894 2146 tractarentur‘
914 2066 991 2166 t).‘-
1018 2063 1076 2144 En
1122 2067 1282 2142 tsacilea
1300 2066 1466 2162 semper,
1505 2071 1680 2170 &equos
1700 2099 1753 2155 et.

298 2191 345 2274 pa
357 2173 569 2270 'petillourt
579 2169 787 2252 Nauorum
798 2167 875 2252 *see
890 2171 1037 2250 romani
1057 2165 1254 2249 Ponufice
1272 2167 1538 2265 prestiterintl
1572 2199 1608 2214 ·‘

974 2347 1085 2464 se

447 2493 515 2569 Hie
541 2507 660 2569 tamen
671 2506 763 2568 ³non
790 2492 955 2567 contenti
977 2491 1215 2581 Basileenser',
1257 2503 1299 2566 ut
1322 2489 1496 2570 summum
1519 2491 1754 2570 Sacerdotem
1869 2554 1878 2564 .

303 2593 565 2690 deprimerent,
602 2609 686 2666 toto
709 2593 830 2664 animo
855 2590 1019 2678 studiosa,
1058 2591 1121 2662 srbi
1143 2611 1235 2662 vero
1256 2590 1336 2682 ipsta
1356 2613 1434 2666 non
1456 2593 1570 2666 solum
1592 2593 1754 2669 ecclesa·

301 2691 442 2782 scitam,
475 2692 535 2764 sed
547 2691 588 2762 ³&
609 2690 801 2782 secularem
821 2686 1088 2784 juridictionem
1107 2686 1203 2761 ultra
1223 2687 1371 2762 modurn
1390 2691 1515 2778 inique
1530 2703 1752 2787 arrogante,

303 2813 384 2866 cum
407 2796 478 2885 jam
498 2787 771 2862 cuholicorunt
796 2788 959 2860 omnium
986 2785 1160 2888 consensu
1182 2785 1390 2862 schismatici
1411 2785 1545 2878 essent,
1585 2811 1661 2883 quo
1680 2787 1756 2864 Na·

303 2888 559 2964 tionitnostre
577 2887 742 2961 savorem
763 2898 971 2979 captarent,
996 2883 1040 2957 ad
1052 2903 1141 2960 ‚earn
1158 2884 1344 2960 decretum
1364 2885 1559 2962 emiserunt
1575 2888 1681 2982 hujua
1699 2903 1756 2962 tc·

255 3008 261 3019 ¹
301 2992 401 3064 noris
422 2991 511 3078 **)=
542 2985 685 3086 „Quod
709 2987 746 3059 ln
769 2987 930 3078 partibus
952 2987 1044 3056 ultra
1061 2995 1218 3074 quatuor
1238 2983 1359 3058 diaetae
1381 3007 1401 3058 a
1419 3007 1572 3062 comana
1583 2989 1689 3062 Curia
1704 2985 1754 3063 di·

302 3087 503 3179 „stantibus
527 3105 654 3158 omnen
674 3103 909 3176 quecumque
936 3081 1061 3162 caussae
1095 3085 1286 3176 (exceptis
1307 3085 1504 3177 maioribua
1525 3088 1568 3160 io
1587 3087 1669 3177 jure
1693 3107 1756 3160 ex·

302 3185 445 3280 „presse
465 3185 702 3272 enumeratis,
742 3181 1013 3266 &electionum
1036 3177 1273 3279 Ecclefiatum
1298 3171 1574 3274 cathedralium,
1613 3185 1648 3256 dc
1670 3183 1755 3258 Mo·

303 3283 593 3378 „nallcrlorum,
629 3299 717 3373 quaa
738 3275 942 3354 immediata
960 3274 1131 3371 subjetlio
1153 3279 1199 3352 ad
1218 3278 1350 3356 sedem
1369 3281 1603 3376 apostolicam
1623 3283 1754 3358 devol·

302 3381 417 3479 „vit)
450 3379 546 3475 apud
568 3381 652 3453 illos
675 3377 818 3474 judicer
840 3379 877 3451 in
896 3375 1081 3464 Partibus,
1116 3379 1179 3469 qui
1202 3379 1379 3473 dejure,
1408 3397 1472 3465 tut
1494 3380 1755 3458 conuentum

300 3480 550 3579 „praescripta‚
573 3481 646 3551 'vel
664 3479 854 3580 privilegio
869 3477 1119 3572 cognitionem
1134 3478 1270 3578 habeut
1285 3481 1545 3572 terminentur,
1577 3477 1763 3559 &finiam

301 3599 416 3675 „turc
456 3581 497 3651 'dt
523 3599 572 3654 ne
591 3575 653 3652 sub
675 3581 799 3652 umbra
820 3576 1125 3669 appellationum,
1177 3595 1257 3669 qne
1277 3580 1426 3656 nimium
1452 3583 1585 3655 leviter
1608 3580 1642 3654 dc
1663 3601 1757 3660 uon·

302 3681 523 3780 „numquam
543 3677 679 3752 srlvole
697 3675 866 3751 haetenus
883 3677 1067 3768 interponi
1084 3675 1165 3750 vise
1184 3678 1286 3764 sunt,
1313 3693 1422 3771 atque
1437 3681 1545 3753 etiam
1566 3682 1603 3754 in
1625 3681 1753 3758 eadem

301 3779 494 3880 ‚instantia
513 3777 558 3849 ad
578 3780 868 3870 prorogationem
892 3778 1008 3848 litium
1029 3777 1120 3870 sepe
1136 3775 1389 3869 multiplicati,
1414 3779 1561 3854 materia
1581 3775 1755 3856 'fouendia

301 3877 465 3979 „injustia
486 3875 742 3949 vexationibus
761 3877 998 3965 relinquatur,
1022 3874 1146 3948 statuit
1167 3874 1296 3950 eadem
1314 3875 1428 3950 noua
1443 3877 1626 3971 synodus,
1653 3877 1756 3974 qnod
1897 3916 1900 3920 -

300 3979 353 4078 „fi
376 3977 454 4070 quia
482 3969 640 4048 offensus
666 3989 787 4044 coram
813 3971 876 4044 suo
897 3972 1021 4066 judice
1043 3971 1177 4049 habere
1202 3996 1279 4049 non
1305 3973 1409 4069 pollit
1427 3976 1570 4068 justitie
1596 3981 1755 4072 complc-

299 4091 511 4176 „mentum,
538 4069 582 4146 ad
602 4067 847 4145 immediatum
862 4069 1090 4173 Superiorem
1110 4094 1175 4167 per
1192 4076 1474 4170 appellationem
1494 4078 1672 4162 recursum
1694 4078 1753 4150 lra-

301 4186 436 4274 „beata
453 4184 532 4250 mcc
547 4169 592 4246 ad
608 4175 895 4264 quemcumque,
916 4172 1024 4246 etiam
1041 4171 1087 4246 ad
1107 4169 1254 4266 Papam,
1280 4174 1408 4250 omisso
1424 4175 1567 4266 medio,
1591 4195 1713 4268 neque
1730 4196 1753 4251 a

155 4323 160 4332 ,
303 4275 600 4374 ,gravaminein
624 4279 849 4362 'quecumque
874 4267 1039 4344 instantia
1064 4285 1149 4345 ante
1174 4270 1398 4349 definitivam
1425 4275 1635 4355 senteutiam
1662 4293 1752 4369 quo·

303 4371 536 4472 „modolibet
555 4359 781 4468 appelletur,
815 4368 877 4444 nis
899 4367 1045 4450 sotfitan
1069 4373 1142 4444 tale
1160 4391 1353 4466 gravamen
1377 4374 1560 4461 extiterit,
1593 4371 1693 4465 quod
1713 4375 1753 4450 in

302 4469 521 4568 „definitiva
542 4465 718 4554 sententia
738 4471 891 4564 reparari
912 4473 1102 4561 nequireta
1137 4489 1212 4561 quo
1230 4470 1333 4561 casu,
1367 4491 1444 4546 nou
1463 4473 1552 4546 aliae
1567 4471 1613 4544 ad
1630 4475 1754 4548 imme·

304 4573 465 4669 „dietum
484 4566 713 4658 Superiorem
736 4571 844 4642 liccat
863 4571 1067 4662 appellare,
1104 4567 1242 4644 livero
1262 4569 1592 4664 quispiamaSedia
1613 4569 1755 4667 apollo·
1829 4563 1833 4571 ’
1898 4641 1908 4654 ,

200 4660 212 4666 ’
299 4674 407 4767 „lice
425 4664 630 4742 immediate
653 4664 810 4758 subicito
830 4665 875 4742 ad
893 4667 1000 4760 ipsam
1018 4666 1149 4744 sedern
1171 4668 1314 4744 duxerit
1336 4670 1611 4761 appellandum,
1635 4667 1754 4746 caussa

301 4777 394 4887 ,jper
411 4762 621 4858 rescriptum
642 4785 755 4858 uaque
779 4763 824 4840 ad
843 4762 954 4928 finem
966 4767 1237 4962 gtsiesinclufive
1256 4772 1296 4842 in
1310 4759 1474 4884 Partibus
1493 4769 1753 4962 commrffiur,

380 5035 416 5116 *)
439 5029 596 5095 llatahcim
612 5025 764 5110 Tenuis,
786 5041 934 5104 papyro.
1060 5026 1118 5109 fl)
1139 5021 1213 5087 Sest-
1226 5039 1278 5108 31.
