3942 6134
240 1114 400 1204 ⁸256
553 1050 585 1073 θ’
840 1102 1265 1154 εει-εει.

278 1264 461 1372 Nonnulli
477 1281 659 1380 religione
681 1268 776 1348 doni
797 1270 1036 1353 verebantur,
1069 1277 1117 1335 ne
1137 1255 1204 1330 bac
1222 1249 1472 1346 postulatione
1487 1197 1646 1332 conones
1664 1245 1742 1326 Ec·

280 1391 394 1473 clesrae
417 1386 663 1470 violarentur,
702 1374 762 1464 qui
782 1367 1042 1461 Episcoporum
1068 1355 1319 1442 translationes
1344 1357 1529 1427 vetabant.
1579 1353 1615 1424 Si
1642 1350 1737 1425 tuni:

281 1485 457 1594 persuasio
472 1479 611 1577 fuisset,
638 1491 797 1548 canones
811 1461 994 1540 relaxandi
1008 1457 1215 1531 facultatem
1230 1454 1267 1526 in
1287 1449 1469 1546 Episcopis
1484 1450 1657 1535 refiderea
1685 1452 1739 1522 ni-

281 1595 334 1669 bil
353 1585 466 1662 videri
487 1590 631 1674 poterat
647 1569 811 1664 conveni
835 1567 952 1652 usius,
977 1559 1211 1646 faciliusque,
1244 1548 1562 1644 quamearndema
1582 1549 1737 1622 Primate
1873 1569 1874 1584 ³

283 1677 588 1768 Tbeffalobicensr
617 1689 751 1766 petere.
802 1589 872 1738 sed
900 1662 959 1733 illa
991 1657 1105 1730 adhuc
1135 1665 1250 1724 aetato
1269 1649 1433 1722 Ecclesiae
1464 1652 1525 1720 vel
1555 1645 1672 1728 dubiis
1697 1651 1735 1721 in

284 1783 404 1870 cauffis
426 1781 499 1855 fine
514 1767 698 1848 Pontificis
718 1765 877 1862 praescito
900 1758 989 1832 nihil
1010 1751 1186 1846 suscipere¹
1205 1753 1404 1820 tentabant.
1474 1746 1585 1844 Igitur
1605 1749 1730 1820 Corin·

287 1888 354 1966 thli
370 1882 498 1974 Sedens
521 1871 751 1969 apostolicam
775 1861 939 1955 precibus
960 1855 1146 1940 adierunt,
1180 1861 1221 1919 ut
1242 1847 1316 1938 ejus
1335 1847 1569 1922 Authoritate
1590 1852 1670 1918 voti
1688 1846 1732 1919 sui

288 1995 480 2079 compotes
501 1972 641 2048 fierent.
689 1961 896 2038 Bonifatius
913 1955 949 2027 P.
971 1954 1034 2027 etsi
1058 1943 1357 2043 aquarnillomrn
1376 1949 1588 2038 petitionem
1604 1945 1731 2036 judica·

182 2148 186 2157 ,
287 2090 378 2174 ret,'
405 2079 549 2155 miratus
565 2085 685 2143 tamen
700 2063 817 2136 nullas
835 2054 918 2132 Rufi
933 2044 1255 2138 Thessalonicensrs
1274 2044 1452 2137 adjunsias
1472 2043 1641 2132 litteras‚'
1667 2045 1730 2118 illis

288 2183 485 2264 rescribere
494 2172 636 2258 noluit,
677 2159 766 2236 ut&
784 2156 986 2254 apostolica
1003 2149 1103 2224 Sedis
1121 2144 1359 2234 notharius,
1399 2163 1448 2218 ,ne
1465 2143 1561 2234 forte
1577 2143 1660 2236 quid
1676 2145 1730 2216 im·

288 2299 465 2364 maturum
483 2272 641 2354 faceret,
683 2261 897 2353 &delegato
918 2251 1059 2325 Primati
1081 2240 1360 2321 honorificentia
1377 2242 1585 2316 servaretur.
1642 2241 1728 2315 Dum

290 2399 382 2458 veto
399 2375 516 2453 Rufus
543 2367 642 2443 suum
666 2361 712 2434 de
732 2356 903 2452 Perlgene
931 2348 1173 2424 testimonium
1203 2341 1303 2416 dedit
1329 2343 1527 2433 petentium
1561 2327 1730 2412 desideriis

290 2482 442 2558 omnino
463 2467 673 2565 conforme3
697 2474 785 2532 tunc
802 2452 970 2528 Pontifex
991 2445 1087 2522 milla
1105 2444 1147 2517 ad
1166 2441 1331 2514 eumdem
1354 2441 1464 2512 altera
1482 2437 1633 2533 epistola
1649 2437 1729 2516 Peri·

292 2599 422 2684 genem
437 2566 709 2673 Corinthiorum
726 2554 942 2654 Episcopum
959 2548 1194 2636 Authoritate
1213 2539 1271 2616 sua
1286 2535 1527 2650 confirmavit.

291 2929 296 2938 ¹
440 2889 688 2971 Nundinarius
703 2876 976 2981 barcinonenfis
999 2869 1197 2968 Episcopus
1224 2867 1334 2964 paulo
1360 2879 1443 2942 ante
1466 2875 1620 2940 mortem
1645 2860 1727 2939 surra

276 3092 279 3098 ⁴
324 3016 496 3092 ercupere
519 2995 554 3070 se
576 2985 806 3086 significavit,
834 2987 882 3053 'ut
905 2976 967 3074 srbi
992 2971 1183 3066 Successor,
1200 2969 1342 3042 daretur
1363 2967 1516 3042 ireneus
1537 2967 1676 3050 alterius
1696 2965 1728 3034 in

295 3027 464 3198 {lispania
479 3095 575 3188 urbis
591 3084 811 3184 Episcopus,
835 3097 949 3173 quesn
959 3073 994 3172 ba
1010 3067 1186 3146 haer'edem
1204 3069 1267 3142 fibi
1285 3059 1555 3161 adoptaverat·
1583 3061 1633 3138 Ea
1646 3061 1734 3134 vide·

262 3273 267 3278 .
298 3205 429 3279 buntur
447 3197 632 3283 utriusque
649 3182 803 3260 Prasulis
823 3174 975 3266 merita,
1006 3182 1148 3260 utnon
1170 3167 1325 3262 populus
1349 3181 1512 3256 tantum,
1553 3161 1731 3250 Clerusque

214 3385 217 3388 ,
297 3294 569 3378 Barcinonensis
587 3282 795 3369 consensum
811 3277 962 3382 darent‚·
990 3271 1052 3344 sed
1064 3269 1104 3374 'br
1123 3267 1431 3366 Metropolitanus
1448 3281 1530 3338 curn
1550 3259 1730 3337 Provincia

298 3389 521 3496 Episcopis.‘
547 3387 756 3472 Numsveso
768 3378 1079 3473 propriaquoque
1095 3367 1329 3440 Authoritate
1348 3368 1463 3461 legem
1482 3361 1732 3437 ecclesiasticam

299 3504 460 3587 relaxare
477 3487 675 3583 audebant,
714 3500 792 3577 quae
810 3476 1109 3570 designationem,
1150 3467 1469 3539 &translationem
1489 3461 1650 3556 Episcopi
1667 3473 1735 3552 pro·

300 3583 494 3674 hibue'rati
519 3581 651 3658 eauuae
668 3579 810 3672 quidem
829 3569 1045 3666 dispensandi
1062 3565 1277 3668 manifesta,
1302 3557 1575 3659 gravissimaque
1591 3563 1736 3642 aderant,

303 3697 457 3772 duorum
479 3683 740 3778 Episcoporum
764 3678 909 3770 merita,
942 3669 1141 3763 petentium
1163 3665 1351 3750 nobilitas,
1385 3665 1419 3733 u
1441 3661 1654 3751 multitudo,
1682 3653 1737 3727 Ec·
1857 3683 1861 3693 ·

290 3793 417 3871 'cleliae
435 3787 588 3872 utilitas,
622 3797 787 3854 necnon
807 3766 1014 3872 &specialis
1037 3763 1169 3853 caussa,
1203 3763 1301 3855 quod
1318 3751 1440 3834 lrenaei
1458 3757 1686 3856 Episcopatus
1705 3753 1739 3824 in

302 3900 391 3972 ioco
414 3887 497 3963 satus
527 3875 613 3956 effet
633 3870 885 3979 Barclnonensr
907 3866 1072 3940 Ecclefiae
1095 3865 1293 3954 obnoxio,
1338 3855 1398 3934 ubi
1423 3879 1498 3933 non
1526 3847 1599 3932 fine
1623 3847 1744 3930 assensu

304 3986 582 4090 provincialium
598 3976 858 4071 Episcoporum
877 3971 947 4060 jam
972 3971 1047 4040 erat
1067 3963 1263 4038 ordinatus.
1315 3957 1381 4033 Ha
1402 3955 1523 4034 caoffae
1543 3960 1581 4032 in
1603 3951 1746 4049 Synodo

305 4087 527 4181 Metropolis
546 4073 823 4173 Tarraconepsss
848 4073 1001 4155 librata,
1015 4085 1083 4234 ssoc
1105 4062 1203 4155 Justae
1227 4061 1370 4134 fuerant
1394 4060 1577 4146 inventa,
1620 4071 1662 4127 ut
1682 4068 1753 4126 rata

145 4255 150 4262 .
303 4179 733 4273 babereturdefignatio‚
762 4169 999 4249 &translato
1049 4161 1194 4257 piscopi.
1244 4159 1491 4232 Nihilominus
1513 4177 1594 4230 cum
1610 4155 1752 4249 gravior

298 4292 385 4367 bac
403 4280 516 4360 caussa
532 4277 637 4365 esset,
676 4272 868 4346 secundum
888 4189 1053 4362 Ecoseslae
1074 4279 1230 4336 canones
1249 4259 1292 4330 ad
1312 4260 1511 4351 supremum
1528 4253 1646 4348 Caput
1669 4251 1728 4326 res
1745 4291 1760 4314 ·

308 4386 440 4470 tendas
473 4375 787 4466 Metropolitum,
820 4362 1030 4437 &concilii
1051 4357 1211 4434 Patribus
1232 4357 1364 4443 visum,
1400 4353 1595 4429 necessario
1618 4353 1678 4425 nbi
1700 4350 1758 4424 ad·

311 4477 558 4563 tundamene
578 4473 673 4544 Petri
691 4469 843 4552 Sedens,
876 4459 1003 4534 ut-sua
1017 4463 1159 4533 decreta
1180 4459 1252 4528 illic
1274 4455 1577 4548 adprobarentura
1609 4451 1693 4524 hinc
1716 4445 1761 4520 ad

310 4581 487 4668 Hilarium
501 4573 537 4648 Ρ.
554 4577 689 4646 litteras
705 4569 853 4641 mittunt
872 4557 1076 4632 reserentia
1095 4560 1216 4647 plenas
1234 4555 1331 4628 bisce
1350 4543 1471 4628 verbis
1487 4557 1546 4640 *lt
1570 4555 1760 4646 Suppliciter

311 4699 476 4790 paramur
493 4669 707 4772 Apostolorum
724 4666 863 4757 uestrum
882 4677 919 4732 ct
933 4663 1121 4733 humilitatis
1136 4656 1245 4748 nostres
1260 4655 1429 4737 mustum
1454 4647 1537 4748 quod
1541 4651 1627 4744 julie
1640 4671 1663 4720 a
1675 4649 1760 4719 sniis

310 4788 440 4858 uidetur
454 4773 577 4866 fusium
586 4821 601 4858 ,
623 4768 729 4861 casira
745 4765 950 4850 Autboritcie
958 4754 1109 4850 firmetis.
1159 4753 1218 4834 En
1236 4755 1443 4856 ptaeclatuln
1461 4747 1583 4830 l'antiae
1604 4747 1699 4830 inlus
1715 4741 1761 4818 dl·

352 4901 383 4955 r,
525 4918 557 4929 1·
1538 4865 1545 4872 '
1606 4844 1718 4944 seipsi·

316 4953 984 5005 Μ
1256 4963 1261 4974 ι
1539 4935 1557 4944 ‘

221 5020 226 5028 ’
316 5109 342 5144 α
400 5026 715 5116 ammanus
954 5009 1008 5103 J
1135 5008 1139 5014 ·
1196 5019 1203 5030 ·
1565 5013 1571 5025 ²

240 5441 313 5458 *-
