3942 6134
278 1218 367 1315 teli,
389 1216 543 1313 animis,
563 1206 673 1315 prout
686 1206 762 1295 heri
780 1209 897 1311 solet,
931 1202 1135 1314 pluraquo'
1158 1208 1403 1316 e'xacerhatis,
1423 1218 1463 1295 'ds
1481 1212 1611 1297 'luttiae
1625 1213 1732 1300 libel·

280 1328 388 1415 tatis,
414 1344 505 1414 quae
519 1318 641 1410 aliud,
673 1319 781 1411 idque
803 1321 945 1417 gravius
964 1338 1058 1390 onus
1076 1316 1265 1416 iniposuit,
1288 1324 1403 1412 ultra,
1435 1344 1540 1417 quam
1556 1321 1727 1417 parerat,l

280 1422 450 1501 studiosis
479 1418 532 1493 lhi
554 1436 680 1495 contra
691 1422 871 1513 antiquam
886 1416 1026 1490 Petrum
1043 1413 1173 1510 fidem,
1198 1437 1239 1493 ut
1255 1422 1396 1495 erudite
1411 1423 1521 1498 Dora.
1536 1421 1729 1502 letididter

280 1519 541 1595 demonstrauit
556 1516 619 1615 i),
653 1518 804 1608 supremi
823 1512 1008 1621 Pontificio
1023 1520 1104 1613 jura
1124 1518 1281 1610 unanimi
1296 1536 1402 1614 antea
1421 1522 1593 1601 consensu
1607 1530 1728 1625 agnita
1806 1548 1810 1555 ·

263 1620 432 1721 primum
446 1614 782 1713 fueruntrestriela,
809 1632 1021 1723 negataque.

342 2014 363 2037 .,
426 1937 867 2043 Priliinofidelitatislrus
881 1939 1082 2021 Gerania
1097 1943 1439 2043 uolneratisque
1454 1944 1499 2022 ad
1514 1944 1618 2041 huius
1634 1944 1731 2029 seruo*

280 2044 306 2123 li
322 2044 454 2141 lapsum
470 2044 652 2124 constitit:
673 2050 724 2121 ab
744 2045 844 2127 aunis
858 2042 951 2118 haud
962 2045 1147 2148 iumultia
1162 2046 1349 2142 disceptari
1358 2050 1454 2123 inter
1469 2067 1539 2121 nos
1555 2048 1646 2125 serio
1661 2070 1727 2125 ce·

281 2160 384 2241 pturn
401 2145 448 2219 de
469 2144 571 2242 Papae
583 2144 743 2241 suprema
756 2144 995 2233 authoritate,
1018 2143 1057 2219 oa
1072 2145 1338 2223 infallibilitate.
1394 2144 1486 2225 Corn
1502 2146 1666 2224 nondum
1679 2151 1732 2231 de

279 2244 448 2343 dogmate
463 2245 650 2323 rnaniielle
671 2242 822 2319 definito
842 2244 885 2319 lis
911 2242 1018 2330 ellet3
1060 2247 1197 2321 ueteris
1218 2243 1341 2335 fidei,
1359 2244 1419 2320 sed
1438 2246 1472 2320 u
1492 2246 1656 2324 fraterne
1672 2246 1733 2325 ca·'
1790 2341 1797 2350 Ι

274 2346 393 2419 sitatis
409 2360 555 2425 tenaces
573 2346 680 2420 ammi
695 2356 879 2420 recentem
899 2345 1102 2419 tolerarunt
1117 2365 1193 2420 non
1206 2345 1282 2424 line
1295 2342 1426 2423 dolore
1439 2344 1583 2434 quidem
1599 2346 1727 2423 doeh-i·

278 2464 359 2521 nans
377 2446 493 2538 adeo,
519 2446 639 2537 utiam
654 2445 816 2539 plerique
831 2447 1019 2519 veritatem
1028 2442 1094 2519 {ibi
1107 2461 1253 2537 noum,
1281 2446 1358 2521 aliis
1376 2445 1628 2519 veroinuisam
1644 2468 1734 2541 pru·.

280 2544 402 2634 denti,
430 2562 472 2624 ut
484 2547 683 2641 putabant,
699 2542 958 2639 ilentioapnd
972 2541 1007 2617 se
1018 2545 1228 2619 retinerent
1281 2541 1727 2646 Atuerohactolerar'ttia
1757 2574 1766 2580 ·

277 2662 381 2721 more
393 2642 654 2719 suohrabusua
672 2640 727 2715 est
737 2662 858 2731 error,
891 2657 932 2717 ut
945 2641 1089 2738 pristina
1101 2642 1265 2719 illafidea
1275 2643 1346 2735 jam
1362 2657 1485 2739 aperta
1501 2643 1735 2723 frontafalss.

278 2746 361 2817 tatis
377 2758 604 2839 argueretur,
628 2742 936 2817 imodtconuitiis
948 2742 1044 2835 quass
1054 2746 1322 2838 ultramontana
1332 2742 1555 2837 inhpientia,
1582 2747 1735 2821 uelato.
1768 2832 1775 2844 „

277 2844 312 2915 la
336 2842 430 2939 fraus
452 2840 749 2935 proscinderetur.
808 2838 906 2918 Hinc
922 2840 1075 2935 fastum,
1108 2860 1150 2919 ut
1169 2846 1309 2938 impetu
1330 2841 1574 2935 semeliadio,
1611 2848 1734 2939 ruptis.

272 2944 344 3035 jam
360 2940 581 3031 antiquitatis
594 2942 771 3039 repagulis
790 2955 927 3021 temere
938 2944 976 3017 in
993 2941 1211 3034 saniiillima,
1238 2940 1432 3037 urinaque
1443 2941 1545 3019 Sedis
1561 2942 1733 3038 apossoliq
1893 2975 1894 2980 Ν

213 3114 218 3121 ,
277 3060 328 3113 ca
342 3039 421 3131 jura
435 3040 681 3133 involaretur‚
698 3040 815 3119 Gallia
829 3060 933 3121 caute
950 3045 1094 3139 quidem
1109 3043 1243 3144 pedem
1261 3044 1492 3136 retrahente,
1516 3004 1735 3132 sedoneris

267 3139 344 3241 ‘iam
357 3138 562 3238 improvide
577 3143 708 3242 errotis
725 3144 796 3223 uia.

952 3306 1061 3433 ss
1413 3291 1417 3300 ’
1511 3389 1515 3393 -

373 3492 390 3535 ·.
427 3458 542 3563 Quod
558 3456 743 3537 hodiernis
763 3458 889 3535 diebus
910 3454 1171 3553 deplorandum
1186 3460 1343 3535 manne
1359 3455 1432 3551 eli,
1465 3476 1546 3535 euna
1568 3459 1728 3545 altillitna

278 3552 477 3657 Religionis
491 3562 622 3636 divine
636 3560 802 3657 dogmata
815 3560 1026 3652 plerumque
1036 3561 1108 3652 jam
1126 3556 1497 3657 sermoneuernaculo
1515 3560 1734 3660 uadentes,-

114 3722 118 3729 .
279 3660 477 3737 accedente
493 3663 600 3737 loculi
617 3658 728 3735 noihi
748 3658 897 3745 libidine
909 3658 952 3731 ad
963 3656 1187 3735 scribendum
1203 3658 1502 3754 captonnacum
1525 3670 1607 3736 otio
1620 3681 1736 3756 natac

278 3754 517 3835 stribilatores
533 3758 642 3835 nostri
656 3757 750 3835 haud
764 3778 846 3837 raro
867 3758 1151 3855 theologicarum
1162 3774 1304 3848 rerum
1328 3760 1406 3835 imo
1420 3757 1455 3833 dr
1468 3760 1735 3856 principiorum·

279 3860 586 3940 catecheticorum
605 3858 745 3953 oppido
759 3861 867 3955 ignari
886 3856 988 3952 lhnt,
1019 3859 1082 3953 qni
1095 3870 1216 3934 tamen
1229 3860 1347 3951 aliqua
1364 3856 1606 3935 eccleliastioae
1616 3878 1727 3958 mate·
1755 3935 1760 3945 ,

278 3958 339 4033 tie
352 3960 506 4035 lectione
526 3960 608 4035 sane
620 3958 714 4036 haud
735 3958 814 4037 satis
833 3956 981 4033 decotia
1004 3956 1070 4034 ‘arn
1091 3961 1295 4035 animantur
1308 3957 1354 4055 qd
1371 3960 1544 4032 calamum
1560 3961 1728 4055 imperita

81 4098 87 4107 ·
204 4092 208 4097 ·
278 4058 485 4135 liceturanu
507 4058 767 4153 arripiendum,
799 4078 872 4152 quo
888 4060 986 4155 grav‘
1026 4078 1106 4133 mos
1127 4055 1375 4133 contrafident
1394 4055 1614 4133 christianam
1632 4084 1731 4137 erro-

279 4178 337 4245 res
355 4161 419 4247 ,vel
440 4157 535 4234 inscii
553 4163 619 4253 pe'r
639 4164 766 4233 orbern
782 4158 959 4253 spargunt
1013 4153 1104 4233 Inde
1120 4160 1310 4233 enimuero
1330 4154 1449 4235 nostra
1465 4168 1571 4230 atate
1583 4160 1653 4253 jort
1670 4182 1728 4237 cc·

278 4256 703 4341 oleiiasticotamlethale
716 4256 970 4355 vulnusiolligi
981 4256 1292 4349 manifestumest,
1320 4255 1421 4350 quod
1433 4253 1633 4353 Atheologi
1650 4264 1724 4356 ple-

280 4358 381 4453 rique
398 4358 487 4450 lint,
512 4363 572 4453 qui
587 4354 753 4435 Eccleliae
771 4356 953 4433 sacerrima
965 4358 1047 4451 jura
1059 4358 1293 4435 nhilominm
1305 4354 1621 4431 audentceniorio
1636 4359 1735 4435 naso.

280 4458 467 4538 discutere.
516 4458 613 4551 Siqui
635 4458 692 4549 alii
709 4478 754 4535 ex
771 4455 898 4535 nostris
914 4454 1125 4553 cisalpinis,
1150 4473 1193 4533 ut
1212 4458 1545 4549 nominationem,
1570 4456 1730 4535 &reior-

281 4566 390 4635 matie
404 4556 604 4640 Canonistis
618 4556 834 4654 Theologiet
846 4557 1201 4653 operamdeder'nta
1219 4557 1459 4651 hujtunmeu
1471 4570 1536 4629 aut
1547 4558 1732 4652 despectu,

282 4670 348 4733 aut
355 4658 477 4737 saltem
498 4658 663 4759 neglehiu
681 4657 795 4734 divini
818 4659 953 4753 eloquii
971 4658 1228 4737 authoritatem
1245 4678 1292 4733 ex
1312 4655 1430 4733 oculis
1444 4656 1655 4773 plerumque
1675 4657 1729 4733 di·

363 4971 397 5055 *)
416 4975 519 5043 Tacite
530 4976 723 5063 dculouique
733 4978 779 5046 lut
792 4974 1041 5055 l'lluthuriti,dt
1056 4919 1236 5044 infallibilitc
1250 4976 1303 5039 des
1316 4974 1421 5055 unes
1441 4986 1535 5053 1724·
