3942 6134
319 1087 391 1172 tat
828 1093 1161 1148 offla-z„-

221 1328 224 1340 .
266 1263 430 1352 dicaret,
469 1263 518 1335 ob
541 1259 783 1339 reuerentiam
809 1271 932 1335 tamen
951 1282 1031 1357 erga
1058 1258 1295 1350 apostolicum
1317 1259 1445 1336 Virum
1472 1253 1728 1360 Polycarpum,

115 1427 121 1443 .
269 1365 369 1440 suum
383 1366 451 1437 illis
468 1368 627 1450 niorern,
655 1363 741 1434 licet
758 1384 776 1434 a
795 1359 1225 1434 communivooservanria
1242 1363 1419 1448 alienum,
1445 1359 1562 1435 adhuc
1582 1369 1732 1458 permit·

271 1463 420 1537 tendum
439 1460 584 1535 censuit.
609 1546 613 1550 ι
639 1459 723 1534 Hoc
740 1464 859 1551 itaque
876 1465 1026 1553 primunt
1044 1461 1128 1533 mihi
1147 1463 1293 1534 uidetur
1308 1461 1512 1554 exemplum
1533 1455 1728 1555 pontilicis!

191 1624 198 1638 .
271 1562 394 1636 saitem
413 1558 662 1655 permissionis,
690 1562 752 1634 nisr
769 1563 922 1653 propriae
939 1557 1228 1652 dispensationis,
1257 1563 1401 1654 eoquod
1420 1559 1650 1636 observantia
1665 1563 1730 1637 hu·-
1836 1637 1845 1654 ,

270 1664 327 1754 jus
342 1661 531 1757 disciplinae
548 1661 798 1747 ceremonialia
813 1678 1004 1750 numquam
1026 1675 1130 1733 antea
1146 1663 1184 1734 in
1200 1657 1367 1736 Ecclesuis
1386 1659 1476 1734 Asrae
1493 1663 1704 1738 obtinuerit.

939 1834 977 1950 ᾗ.
1009 1856 1079 1929 ao,
1137 1899 1142 1908 .

374 2063 378 2067 ,
418 1981 474 2056 Er
498 1979 618 2056 seculo
639 1982 774 2073 tertio,
811 1999 888 2072 que
912 1979 1038 2056 ciariis.
1056 1971 1204 2076 Jungius
1226 1979 1365 2074 profert
1388 1979 1480 2074 quast
1503 1975 1730 2074 dispensatio·
1780 2027 1783 2032 -

274 2086 329 2160 nis
355 2079 566 2176 episcopalis
592 2084 781 2174 exempla,
823 2102 865 2152 ea
892 2081 1036 2173 quidem
1061 2083 1182 2154 omnia
1207 2081 1280 2152 levi
1311 2081 1455 2154 brachio
1483 2079 1727 2174 dispeiluntur.

274 2179 389 2256 Prima
407 2185 613 2256 ordinationes
629 2180 822 2274 respiciunt
837 2177 1120 2274 Neophytorum
1142 2194 1213 2252 tam
1235 2199 1376 2252 canone
1388 2200 1434 2274 79
1453 2179 1730 2274 Apostolorum,

274 2301 379 2375 quarn
398 2283 473 2374 ipso
494 2278 694 2374 apostolico
716 2271 928 2374 pr'ecep'tol
950 2279 994 2352 ad
1013 2275 1175 2368 Timoth.
1192 2275 1267 2368 111,
1294 2285 1317 2352 6
1341 2279 1548 2372 prohibitas.
1602 2277 1729 2358 Parum

157 2450 162 2466 ,
275 2380 418 2472 quidem
435 2382 525 2469 illis,
563 2401 654 2471 quos
672 2377 930 2473 Apostolorum
953 2391 1109 2466 vocant,
1148 2377 1346 2450 canonibus
1364 2398 1566 2466 moverer,
1593 2377 1639 2452 de
1657 2385 1731 2474 qui·

154 2496 156 2499 ·
272 2479 341 2554 bus
362 2478 482 2553 saltem
500 2478 717 2574 singulariter
732 2479 859 2560 sumtis
882 2497 957 2553 non
975 2475 1136 2564 constat,
1172 2497 1215 2550 an
1238 2478 1357 2569 primis
1378 2479 1489 2550 tribus
1510 2475 1634 2551 seculis
1653 2483 1727 2572 jorn

275 2581 483 2667 extiterint,
525 2582 662 2667 minus,
701 2598 745 2650 an
776 2579 910 2669 ubique
935 2580 1101 2650 locorum
1132 2577 1291 2671 cogniti,
1329 2578 1390 2648 vel
1416 2577 1553 2669 recepti
1582 2577 1730 2656 fuerint.

272 2673 345 2752 Sed
370 2675 403 2748 u
426 2691 556 2750 contra
577 2674 745 2768 Apostoli
768 2692 985 2770 preceptum
1015 2678 1133 2770 plures
1162 2665 1267 2748 factas
1292 2671 1393 2751 fuisse
1420 2675 1667 2752 ordinationes
1690 2703 1731 2756 tx

268 2773 462 2873 ‚breuitate
487 2795 564 2847 non
583 2796 646 2868 per
666 2772 960 2868 dispensationem
983 2775 1118 2862 sateor,
1144 2772 1179 2846 id
1200 2773 1298 2865 quod
1318 2771 1504 2850 Nicaenum
1523 2773 1732 2854 Concilium

276 2895 388 2950 cans
409 2869 584 2950 adfirmat.
621 2892 632 2896 ”
654 2870 878 2954 “Necessitati
901 2892 1019 2948 autern
1042 2871 1235 2968 posstivum
1260 2877 1320 2947 vel
1343 2873 1579 2968 apostolicum
1601 2897 1735 2969 prece·
1882 2931 1883 2940 r

274 2988 377 3070 ptum
398 2967 549 3061 cedere,
578 2974 654 3064 quis
674 2971 841 3047 dubitet?
868 2972 976 3047 Certe
995 2975 1164 3047 saeviente
1184 2987 1271 3046 tunc
1289 2975 1536 3068 persecutione
1554 2975 1651 3060 haud
1668 2979 1734 3051 mi,

272 3085 375 3164 tum,
401 3065 559 3168 piurimis
576 3074 612 3146 in
630 3073 721 3146 locis
735 3069 1040 3147 rariffimossuisse
1059 3076 1157 3146 viros
1170 3075 1334 3245 gomftae
1353 3071 1412 3146 diu
1432 3075 1594 3247 uirtupps,
1622 3078 1669 3150 ita
1686 3095 1731 3249 ug

1208 3193 1252 3245 en
1290 3190 1420 3246 eruore
1442 3195 1531 3246 exce
1561 3189 1702 3248 enteca

133 3211 140 3227 ·
275 3195 347 3249 net
371 3171 416 3246 sse
437 3170 549 3246 suerit'
565 3167 599 3245 lt
617 3173 764 3246 noviter
784 3173 1001 3263 conversos,
1028 3169 1110 3247 fidei
1133 3186 1168 3245 ta

152 3347 156 3353 .
274 3195 443 3451 Begesse
461 3269 689 3348 ministerium
710 3270 893 3347 assumere.
944 3276 1045 3374 Quin
1061 3292 1179 3365 neque
1198 3270 1337 3346 diffiteri
1380 3271 1557 3362 osiumus,
1578 3275 1650 3368 jam
1669 3297 1735 3350 an·
1881 3307 1882 3336 i

177 3415 184 3427 «
267 3385 314 3452 te
370 3375 515 3446 icaenam
533 3370 746 3464 synodum,
773 3387 883 3465 prout
899 3371 1061 3448 humane
1077 3386 1211 3446 naturae
1227 3370 1276 3443 est
1294 3371 1337 3443 de
1366 3393 1471 3464 cere,
1498 3371 1656 3465 quedam
1674 3375 1735 3448 ad·
1818 3401 1825 3408 ·

118 3471 128 3485 ⁸
274 3470 398 3557 versus
420 3465 687 3544 ecclesiasticam
709 3475 866 3566 regulam
883 3478 1100 3568 cogentibus
1119 3472 1346 3560 horninibus,
1374 3485 1526 3564 quorum
1548 3484 1733 3549 uincerat

179 3618 185 3626 ·
274 3569 357 3657 suos
382 3569 514 3664 eligere
533 3567 720 3658 Praesules,
761 3576 843 3643 mota
861 3570 952 3645 satia
972 3569 1084 3644 fuisse.
1136 3569 1249 3672 Quod
1272 3573 1412 3664 insuper
1431 3572 1655 3664 quorundam
1678 3576 1730 3648 vi·

274 3684 398 3744 torum
415 3665 632 3756 fundorum,
655 3670 708 3741 uti
725 3665 914 3763 Cypriani,
941 3668 1107 3765 Gregorii
1124 3669 1404 3766 Thaumaturgi,
1430 3674 1654 3765 aliorumque
1670 3697 1733 3748 eat·
1880 3705 1881 3775 3

273 3769 392 3863 legem
413 3768 543 3840 attinet
563 3766 801 3855 elesiionem,
828 3767 920 3845 hanc
941 3771 1062 3862 potius
1087 3791 1151 3863 per
1175 3770 1269 3844 viam
1290 3771 1653 3866 copiosissimarum
1677 3775 1733 3848 dt·

274 3866 507 3962 spensationis
527 3865 562 3940 di
607 3861 842 3964 scontigisse.
892 3867 1003 3944 Tunc
1024 3873 1120 3946 enim
1145 3869 1339 3961 temporis,
1384 3871 1445 3944 ubi
1462 3870 1603 3946 donum
1629 3881 1734 3950 tuira-

274 3968 442 4042 culorum
462 3965 578 4040 adhuc
628 3987 762 4056 equeus
780 3983 875 4059 erat,
909 3989 986 4042 vox
1005 3969 1152 4063 populi,
1186 3987 1262 4042 vox
1282 3967 1350 4040 Dei
1369 3969 1603 4062 credebatur,
1638 3974 1732 4070 saepe

270 4066 437 4140 externis
456 4064 836 4161 signiasatntanisesta.
889 4068 948 4144 Sic
965 4071 1003 4142 in
1020 4065 1135 4162 specie
1157 4065 1400 4160 decy'priano
1422 4069 1580 4159 ejusdem
1599 4073 1734 4148 Diaco
1879 4095 1880 4141 l

276 4185 366 4255 nus,
393 4163 527 4240 &uite
543 4163 693 4257 scriptor
708 4163 856 4239 Pontius
876 4167 1044 4242 testatur:
1071 4166 1202 4268 Judicio
1224 4167 1310 4254 Dei,
1336 4170 1379 4250 δ’
1395 4168 1677 4264 ptrbirfouoribus
1693 4177 1736 4248 ot

127 4269 135 4280 ‘
275 4262 408 4360 &Muta
424 4265 617 4356 maenus,
641 4265 686 4350 θ’
703 4264 907 4368 Eptscopotus
924 4269 1059 4360 modum
1077 4271 1174 4343 adbuc
1194 4269 1363 4364 neophytus
1386 4313 1429 4330 -
1454 4272 1565 4344 eunus
1582 4272 1625 4367 esi
1650 4271 1705 4369 l).

961 4495 971 4516 .
1003 4461 1027 4529 2
1060 4501 1073 4530 ,
1405 4453 1409 4460 ·
1878 4421 1879 4509 l

421 4579 582 4655 Alterius
598 4582 737 4677 generis
753 4577 864 4667 sada,
905 4434 1085 4676 saepire
1102 4602 1146 4661 ex
1163 4577 1379 4678 &Cypriani
1395 4587 1531 4684 scriptis
1546 4584 1732 4666 a'dducun-
1877 4599 1878 4608 ‘

251 4639 353 4773 tur,
380 4697 422 4754 ut
445 4682 529 4753 inde
552 4683 715 4774 exempla
735 4682 915 4771 primaeve
934 4677 1124 4774 disciplinae
1147 4689 1231 4756 sirco
1246 4695 1461 4780 penitentiam
1482 4694 1525 4760 ab
1544 4685 1729 4782 Episcopir
1877 4691 1878 4728 i

274 4780 422 4854 remissae
438 4777 681 4852 ostendantur.
730 4777 835 4871 Sane,
861 4776 1241 4871 inquamnondum
1258 4785 1296 4860 iu
1313 4781 1639 4863 Eccleliaehistotia
1657 4791 1733 4862 obi·

274 4977 943 5000 -—--...-.------
1626 4903 1682 4963 ter

306 5017 317 5040 ·
357 5010 389 5084 ·)
410 5009 593 5070 Tillemontl.
610 5007 701 5069 Totu.
715 5029 752 5090 p,
775 5024 808 5082 p.
817 5021 870 5085 89.
