3942 6134
788 831 1201 964 .‘0·⁰

279 1059 350 1158 356
525 1035 641 1156 f
785 1081 1115 1132 m

136 1325 143 1337 ¹
226 1238 358 1338 scripto
373 1187 471 1339 typis
489 1235 653 1340 impresso
675 1217 855 1336 proposita
874 1219 1009 1316 fuerint
1029 1235 1074 1314 ad
1091 1231 1296 1316 Articulum
1314 1251 1361 1334 tt
1377 1227 1689 1336 capitolitium·

70 1417 92 1440 ,
228 1343 304 1418 hac
323 1342 381 1418 sua
399 1366 476 1420 non
497 1346 635 1433 facere,
676 1341 735 1416 sed
756 1343 877 1418 omnia
898 1342 1040 1420 catulli
1063 1339 1098 1415 se
1117 1340 1338 1432 existimare,
1377 1339 1561 1414 sitantum
1588 1337 1673 1413 huic

229 1442 372 1536 precise
399 1443 521 1522 cautla
542 1449 788 1537 opportunum
813 1463 833 1514 a
857 1435 994 1516 stimmo
1012 1439 1188 1515 Pontifice
1211 1440 1408 1532 remedium
1431 1439 1671 1512 adhiberetur.

229 1538 326 1616 Hinc
346 1542 486 1616 demum
506 1539 783 1632 conquestiones
800 1538 951 1637 Collegii
968 1539 1166 1615 eleiioralis
1183 1541 1227 1614 ad
1245 1541 1323 1616 Sac.
1342 1537 1429 1612 Ces.
1449 1535 1675 1630 Maiestatem

142 1690 150 1700 ·
228 1638 372 1735 scriptae
390 1657 517 1732 praeter
536 1641 639 1732 hujus
651 1648 745 1714 unice
765 1637 887 1714 caull'a'e
906 1637 1106 1733 process‘um
1124 1641 1291 1716 stne‘ullo
1309 1637 1440 1713 effodio
1457 1635 1673 1711 remansuras

229 1760 296 1835 pto
315 1738 373 1812 sua
389 1737 491 1812 Parte
510 1737 727 1829 declaravit,
763 1760 831 1811 nec
847 1738 907 1812 sibi
924 1761 1113 1831 umquam,
1138 1744 1176 1814 in
1198 1757 1354 1813 mentem
1375 1735 1509 1812 venisse
1529 1734 1676 1810 testatur

229 1837 300 1928 est',
333 1835 540 1931 praesentem
558 1838 767 1928 discipline,
799 1836 857 1911 seu
873 1835 1147 1932 politlaestatum
1163 1840 1346 1930 hucusque
1358 1851 1541 1911 retentum
1555 1837 1592 1908 in
1606 1833 1674 1907 lm·

230 1937 333 2030 perio
356 1936 475 2028 quoad
497 1937 803 2031 provocationes,
835 1937 1150 2032 &appellationes
1171 1937 1215 2013 ad
1235 1938 1383 2011 santiam
1403 1935 1532 2010 Sedem
1560 1934 1678 2025 (NB.

227 2035 359 2128 jamin
386 2034 539 2109 secunda
565 2035 728 2110 instantia
753 2035 970 2132 consuetas)
996 2059 1044 2111 ne
1071 2040 1182 2114 hilum
1206 2035 1348 2130 quidem
1373 2039 1573 2110 immutate.
1624 2030 1679 2105 lta

232 2131 473 2228 Mogentiana
495 2133 639 2219 Elesior
660 2133 784 2228 sparsas
808 2131 975 2210 aduersus
997 2134 1054 2229 se,
1098 2159 1184 2232 quas
1211 2153 1322 2208 vocat
1335 2135 1529 2221 mittimus,
1573 2127 1679 2206 diluit

52 2309 62 2327 ,
94 2231 110 2256 ‘
141 2243 149 2250 '
234 2253 279 2306 ex
300 2231 516 2308 totocorde
537 2233 768 2328 apostolicam
786 2235 914 2309 Sedem
936 2235 969 2309 se
991 2240 1155 2310 venerari
1173 2234 1346 2324 asserens,
1372 2235 1518 2325 eiusque
1540 2231 1681 2304 conser-

234 2331 362 2408 vandis
386 2333 523 2424 juribus
546 2335 581 2406 in
601 2332 755 2428 Imperio
781 2331 986 2432 germanico
1009 2337 1260 2420 totiauiribub
1282 2336 1385 2407 nullo
1408 2352 1485 2406 non
1513 2345 1678 2423 tempore

77 2424 81 2432 ’
232 2429 447 2506 institurum.
491 2433 535 2505 ui
562 2434 651 2507 vella
676 2434 768 2508 lianc
795 2437 947 2510 aulicam
971 2434 1080 2518 officii
1104 2434 1257 2529 speciem
1284 2453 1439 2525 vocare3
1473 2429 1677 2524 hujusmodi

235 2528 370 2620 species
395 2531 532 2625 politia
563 2530 684 2608 saltem
717 2551 794 2608 uon
820 2533 1090 2630 Romanorum,
1123 2532 1183 2608 sed
1209 2531 1473 2610 Germanorum
1507 2530 1595 2604 aule
1620 2527 1681 2602 ad·

184 2631 189 2636 '
237 2627 377 2712 scribas.
412 2671 449 2706 a,
481 2677 488 2688 -
746 2685 772 2736 ι,
900 2691 904 2696 ,

893 2809 931 2927 §a
966 2836 1032 2905 100
1134 2853 1139 2865 ’
1249 2909 1253 2916 ,
1686 2911 1691 2921 ,

383 2944 553 3024 Pontifex
583 2949 691 3046 igitur
716 2947 883 3030 Clemens
897 2952 982 3026 Xlll
1012 2952 1127 3029 caull‘a
1153 2953 1220 3028 hac
1249 2951 1293 3027 ad
1323 2949 1497 3048 seipsum
1526 2957 1681 3026 avocata
1741 2997 1745 3002 .

237 3050 423 3138 utriusque
442 3047 550 3121 Partis
566 3051 644 3142 jora
665 3071 769 3123 novo
788 3049 935 3146 subjecit
953 3056 1106 3127 examini
1126 3053 1202 3127 nun
1217 3053 1286 3146 iam
1306 3055 1450 3142 invitis,
1475 3049 1532 3127 sed
1548 3053 1585 3124 itt
1601 3049 1683 3121 Sua>

240 3144 438 3220 Sanititatit
451 3145 581 3238 justitia
599 3169 743 3224 omnem
761 3145 925 3230 fiduciam
942 3156 1163 3248 ponentibus
1178 3153 1320 3226 duobus
1340 3151 1576 3239 Eledloribua,
1602 3147 1685 3220 Mo·

241 3243 647 3340 guntinodtl'alatino,
687 3250 739 3323 uti
759 3262 803 3324 cx
824 3253 1010 3326 amborum
1028 3251 1181 3328 Romam
1203 3249 1502 3346 militaepistolis‚
1538 3250 1687 3342 iamque

239 3355 334 3436 typo
362 3343 527 3439 impietus
551 3347 701 3422 constat.
754 3347 794 3420 ln
810 3348 938 3442 ,specie
963 3349 1141 3426 Palatinus
1163 3350 1327 3439 Eledot,
1361 3345 1457 3444 quod
1481 3365 1586 3422 antea
1602 3346 1687 3419 Mo·

241 3444 411 3538 guntinus
429 3441 576 3536 fecerat,
603 3447 734 3538 pariter
746 3443 916 3524 Pontifici
936 3453 1106 3542 declarat,
1131 3471 1364 3542 quecumque
1381 3451 1416 3523 in
1436 3447 1596 3521 Nomine
1609 3446 1684 3518 Suo

172 3571 177 3578 ·
243 3538 288 3654 ad
309 3539 481 3630 Artiota
503 3542 776 3638 capitulatione
798 3551 833 3620 in
856 3547 1020 3622 Comitiis
1041 3550 1245 3644 proposita,
1280 3551 1398 3624 autin
1421 3550 1548 3622 litteris
1566 3545 1687 3618 Colle·

243 3657 289 3734 gn
312 3637 509 3716 eledioralis
531 3643 575 3717 ad
599 3643 777 3718 cesaream
799 3646 1021 3738 Majell'atem
1043 3663 1217 3722 contenta
1237 3651 1338 3733 sunt,
1372 3668 1413 3720 ea
1433 3648 1557 3719 omnia
1577 3643 1690 3718 subla·

243 3751 285 3808 to
310 3747 399 3816 unite
418 3741 491 3815 hoc
509 3745 715 3837 gravamine
737 3765 781 3815 ex
806 3745 909 3819 Parte
930 3745 1002 3820 Sua'
1024 3745 1097 3820 fine
1122 3745 1252 3822 effediu
1276 3745 1345 3820 elie
1367 3744 1577 3820 remansura.
1626 3740 1688 3814 Se·

243 3835 436 3914 lenissimus
457 3839 597 3934 insuper
623 3839 836 3916 Sandissimo
857 3841 950 3916 Patri
971 3844 1145 3939 spondet,
1185 3847 1255 3921 Sua
1279 3848 1314 3920 iir
1336 3843 1492 3938 Imperio
1512 3841 1687 3916 Authori-

244 3949 320 4011 tate
347 3939 382 4016 se
408 3942 706 4017 allaboraturum:
743 3941 831 4032 „Ne
853 3943 937 4036 quid
963 3945 1156 4040 praejudicii
1181 3943 1409 4032 sandlmSedi
1439 3964 1483 4017 ex
1507 3942 1688 4030 comitiis,

245 4040 308 4129 „dt
329 4039 454 4116 litteris
475 4038 722 4116 eletloralibus
744 4033 946 4134 enascatur,
975 4045 1059 4120 NB.
1075 4047 1159 4122 NB.
1181 4067 1277 4120 neve
1292 4046 1394 4138 iura,
1419 4064 1497 4136 que
1517 4041 1688 4138 hadlenua

245 4142 310 4228 „in
333 4135 488 4230 Imperio
508 4141 669 4232 retinuit,
698 4141 772 4214 ullo
795 4142 907 4217 modo
926 4143 1194 4232 imminuantur,
1220 4159 1281 4219 aut
1300 4145 1345 4216 ab
1367 4165 1426 4233 eo,
1453 4146 1491 4214 in
1515 4137 1700 4232 quostieae

246 4255 358 4336 „runt
378 4235 545 4324 haetenus
563 4235 679 4332 statu,
704 4245 962 4333 exturbentur,
980 4243 1045 4326 ¹sed
1065 4243 1089 4316 si
1110 4241 1274 4318 restituto
1294 4257 1379 4316 ante
1398 4242 1519 4314 omnia
1535 4237 1690 4314 Decano

246 4333 320 4424 „de
342 4335 482 4430 Styrum
508 4340 582 4430 eius
605 4337 718 4414 caussa
743 4342 865 4416 coram
890 4342 1181 4436 Metropolitano
1204 4345 1240 4416 in
1262 4345 1373 4438 prima
1393 4338 1555 4414 instantia
1579 4335 1691 4410 fuerit

248 4429 411 4526 „decisa,
437 4440 635 4530 appellatus
658 4441 694 4512 in
715 4438 866 4514 secunda
877 4489 888 4532 ,
916 4439 949 4512 dt
970 4443 1095 4514 ultima
1114 4443 1341 4518 tribunalium
1360 4441 1398 4512 in
1418 4437 1523 4512 Curia
1541 4453 1690 4510 romana

247 4537 499 4625 „competenti
518 4535 656 4626 judicio
679 4539 713 4609 se
736 4535 848 4632 sistat,
886 4559 928 4614 ac
947 4542 1057 4636 plene
1076 4539 1304 4619 satisfaciat.“
1353 4537 1499 4616 Eledlor
1514 4527 1690 4618 Sereniffi·

245 4649 325 4706 mus
344 4629 539 4712 hodiedum
563 4637 678 4716 verba
700 4631 776 4710 stat.

1173 4887 1180 4900 Ι

1225 4913 1232 4922 ,

992 4918 1164 4984 l·'

1225 5043 1230 5052 .

1408 4977 1413 4982 ’
1528 4963 1654 5068 §.11ss
