3942 6134
867 1047 1270 1156 Ams-
1544 1107 1720 1188 aas

296 1246 518 1370 ,Duplniuq
544 1262 629 1344 dnm
650 1263 782 1342 borum
800 1262 845 1342 ad
863 1265 1084 1364 pontificiam
1105 1265 1234 1346 Sedem
1253 1213 1461 1366 confugium
1483 1285 1601 1380 negat.
1652 1269 1765 1348 inane

315 1377 447 1466 pariter
467 1367 542 1484 est,
573 1369 673 1461 quod
691 1369 790 1484 bisce
804 1371 947 1486 pofitiois
965 1369 1062 1444 fanis
1084 1371 1261 1486 opponit,
1295 1376 1478 1482 negativum
1500 1387 1760 1470 argumentum,

313 1467 1004 1663 izissll‘il‘lniossplbrlr‘d?
1023 1465 1241 1657 silisis
1255 1467 1759 1662 slislilll'ls'ssls

309 1666 447 1742 stantiae
466 1663 640 1738 sententia
660 1666 706 1738 ad
725 1665 942 1760 superiorem
956 1665 1115 1758 judicem
1138 1685 1212 1740 non
1233 1667 1411 1760 appellet,
1446 1667 1516 1758 jam
1535 1665 1638 1759 hujus
1659 1669 1757 1760 supe·
1777 1720 1787 1736 .

302 1761 597 1861 riorjurisdreiio
622 1780 822 1860 negaretur.
874 1762 984 1838 Certe
1009 1763 1203 1852 Meletius,
1243 1765 1406 1838 &Arius
1430 1781 1579 1859 propter
1595 1765 1757 1860 idololag

310 1871 404 1956 trie,
428 1863 636 1954 hereseos,
648 1867 785 1954 aliaque
802 1877 924 1955 aperta
943 1863 1089 1936 ersmina
1109 1863 1263 1935 damnati
1280 1863 1402 1935 mitius
1420 1865 1481 1936 srbi
1496 1863 1669 1956 judicium
1684 1861 1756 1936 Ro·

308 1987 377 2042 moa
394 1986 469 2038 non
490 1973 660 2058 poterant
680 1965 865 2056 polliceri,
900 1978 1154 2056 preterquam,
1189 1961 1285 2052 quod
1308 1965 1375 2054 pao
1397 1959 1629 2053 antiquissimo
1652 1965 1756 2036 mord

149 2059 155 2064 ’
309 2087 330 2140 a
356 2065 543 2138 catholicis
565 2057 749 2153 Episcopis
769 2060 884 2136 sandle
907 2060 1102 2140 observato
1137 2058 1207 2150 ipsa
1227 2057 1408 2151 synodalia
1435 2059 1579 2134 decreta
1602 2059 1647 2134 ad
1668 2058 1756 2136 sunr-

306 2176 405 2240 nlum
424 2155 636 2235 Pontificem
656 2161 773 2252 relata
781 2157 928 2234 fuerint.
979 2159 1040 2254 An
1059 2155 1262 2232 Eustathius
1280 2159 1525 2232 innocentiam
1545 2157 1756 2257 suamapun
1846 2179 1852 2190 ·

305 2257 521 2338 Pontificem
542 2279 620 2332 non
643 2257 868 2349 defenderit,
904 2278 950 2332 ex
969 2257 1273 2330 documentorum
1293 2257 1416 2350 inopia
1434 2257 1656 2352 ignoramus:
1694 2279 1756 2330 ce·

258 2373 424 2464 sterum
447 2360 472 2434 sr
494 2357 538 2432 ad
561 2353 689 2451 Papam
710 2377 786 2429 non
808 2357 1029 2450 appellauit,
1058 2375 1174 2447 neque
1194 2353 1229 2426 id
1251 2355 1399 2442 mirum,
1426 2357 1509 2446 quia
1528 2351 1755 2448 Imperatoria

307 2458 428 2532 edisio
447 2459 631 2532 violenter
654 2456 852 2530 inexilium
879 2455 947 2529 fuit
965 2451 1118 2550 elesius,
1159 2453 1193 2528 dt
1213 2466 1340 2530 contra
1360 2451 1596 2550 persecutoris
1615 2455 1756 2529 violer-¹

290 2561 393 2669 tiam
411 2558 510 2636 nulla
531 2556 729 2660 appellatio
753 2551 911 2649 prodest.

966 2729 1004 2843 β.
1024 2751 1092 2824 ro.

449 2875 608 2957 Demum
629 2875 708 2976 poll
731 2891 790 2956 tot
805 2881 878 2974 jam
899 2876 1183 2970 appellationum
1206 2873 1370 2968 exempla
1391 2893 1436 2950 ex
1457 2873 1664 2972 paucillimis
1687 2873 1754 2968 pri·

304 2999 428 3062 maevae
447 2978 863 3056 historiae·m0nonenns
886 2975 975 3050 illud
997 2974 1129 3070 insigne
1151 2969 1200 3046 est
1219 2973 1466 3066 S.Atbanalii,
1505 2977 1563 3069 qui
1584 2977 1628 3050 ab
1648 2972 1755 3046 Euse-

304 3081 419 3158 bianis
435 3078 527 3171 Tyri
547 3080 586 3152 in
603 3075 772 3153 Concilio
800 3081 986 3152 damnatus
1007 3095 1071 3166 per
1092 3075 1230 3166 legatos
1257 3071 1379 3151 saltem
1399 3073 1504 3164 suos,
1530 3074 1592 3149 nisr
1613 3076 1649 3147 in
1672 3092 1753 3167 pro·

302 3184 382 3278 pria
407 3177 557 3267 persona
586 3178 630 3248 ad
653 3179 784 3268 julium
801 3175 839 3250 P.
867 3171 990 3248 caussae
1019 3172 1086 3243 suna
1114 3169 1539 3263 defensionem'detulit,
1572 3188 1680 3266 atque
1706 3165 1752 3246 ad

244 3301 253 3311 ·
306 3300 384 3353 earn
403 3275 530 3348 Rornae
548 3271 811 3349 defendendam
831 3269 1043 3346 aPontifice
1062 3270 1131 3342 suit
1149 3285 1346 3362 evocatus,
1370 3285 1412 3346 ut
1427 3287 1529 3367 patet
1550 3293 1595 3348 ex
1610 3271 1682 3366 ipsa
1695 3291 1753 3366 ge·

303 3381 415 3456 nuina
431 3373 515 3467 Julii
536 3371 685 3466 epistola
706 3375 749 3447 ad
768 3372 998 3446 Eusebianos.
1050 3365 1196 3442 Frivola
1215 3372 1321 3464 plane
1345 3375 1515 3465 exceptio
1540 3370 1616 3462 est,
1643 3387 1751 3463 quam

304 3475 598 3554 calvinianorum
624 3493 669 3546 ert
690 3493 755 3546 ore
775 3472 977 3565 Dupinius,
1004 3465 1037 3540 dt
1063 3465 1263 3546 Eebronius
1283 3485 1473 3566 repetunt,
1498 3491 1575 3546 non
1603 3468 1750 3564 proprie

303 3578 491 3678 Judicetn,
526 3571 584 3644 sed
602 3585 740 3652 tanturn
758 3571 944 3644 Arbitrum
966 3572 1011 3640 ab
1032 3567 1110 3660 ipsis
1130 3563 1290 3641 Partibus
1312 3567 1462 3642 cladium
1486 3574 1523 3646 in
1549 3571 1615 3643 hae
1636 3564 1752 3642 caussa

197 3705 201 3712 ·
304 3673 518 3754 Pontificem
539 3669 650 3761 soille.
702 3671 889 3746 Eusebinni
912 3672 1028 3758 enim,
1066 3663 1222 3749 ssllbera
1241 3669 1434 3741 uoluntate
1453 3669 1674 3761 injudicium
1692 3666 1752 3759 Ju·

304 3783 366 3864 lii,
402 3789 580 3860 tamquam
604 3773 724 3842 arbitri
748 3766 1019 3857 consensissent,
1051 3779 1178 3838 contra
1203 3767 1368 3840 eumdem
1395 3770 1567 3860 conqueri
1589 3785 1664 3842 non
1687 3785 1751 3860 po·

259 3917 267 3930 .
306 3872 474 3956 tuillent,
500 3871 597 3958 quod
609 3867 731 3966 caussae
745 3869 847 3959 hujus
862 3869 1109 3962 cognitionem
1119 3863 1216 3940 suum
1229 3867 1439 3940 aditibunal
1451 3867 1628 3956 traxisset,
1654 3861 1754 3958 quod

299 3961 672 4160 assissiniilsllt
688 3963 1749 4156 sitisti?itllffilblslli‘irrisibilis

302 4165 514 4257 retractandi
535 4167 593 4256 jus
612 4185 665 4238 ¹ert
693 4163 838 4252 antiqua
862 4161 1148 4251 consuetudine,
1189 4183 1234 4236 ex
1264 4161 1493 4237 ecclesiastica
1515 4166 1659 4260 regula,
1701 4177 1752 4234 ea

303 4267 500 4372 apostolica
510 4263 604 4336 Petri
621 4263 860 4352 authoritate,
886 4275 1066 4352 tamquam
1089 4263 1256 4334 omnibus
1276 4259 1450 4337 notissima
1469 4262 1528 4337 srbi
1550 4259 1746 4349 uindicare,

303 4396 346 4452 ac
362 4365 566 4445 Eusebianis
587 4366 805 4456 exprobrare
823 4357 1013 4452 potuisset,
1040 4357 1137 4452 quod
1155 4359 1224 4434 sine
1246 4381 1400 4436 romane
1418 4359 1582 4433 Ecclefiae
1600 4357 1747 4433 consen·

301 4477 341 4552 su
365 4466 574 4548 sententiam
596 4479 726 4536 eontra
746 4459 943 4554 Episcopou
964 4455 1058 4530 ferre
1083 4459 1345 4553 presumserint.
1372 4457 1469 4530 Vide
1490 4457 1589 4554 supra
1610 4457 1690 4532 Art.
1711 4477 1752 4548 1,·

300 4581 333 4669 §.
352 4583 387 4663 ς,
414 4613 457 4630 ..
528 4559 675 4633 Discunt
703 4557 919 4640 febroniani
946 4549 1098 4630 historiae
1129 4557 1231 4651 huius
1262 4562 1449 4633 veritatem
1480 4555 1540 4628 vel
1574 4573 1594 4630 a
1623 4559 1752 4652 greciar

252 4677 267 4696 ⁸
298 4663 487 4746 ilistoricis
505 4658 648 4750 potius,
686 4677 789 4754 quam
810 4658 1040 4730 aBlondello
1064 4656 1204 4732 Caluini
1227 4678 1271 4730 ex
1292 4653 1382 4728 sesta
1401 4654 1604 4728 heretico·
1634 4653 1744 4726 Certe

191 4799 196 4807 ·
293 4779 366 4869 jam
385 4759 531 4840 excitati
551 4757 739 4855 Socrates,
774 4747 1067 4932 &Sozomlqpum
1101 4757 1157 4832 uti·
1174 4755 1207 4832 dt
1225 4749 1483 4829 Theodoretus
1505 4753 1544 4851 ⁸)
1570 4750 1742 4922 tellpintur

1012 4873 1085 4952 ¹³3
1600 4870 1641 4944 lu
1668 4869 1698 4924 ¹·
1825 4929 1828 4934 .

297 4937 968 5000 ...z-..n-ss--ffl-n

380 5035 414 5114 r)
435 5026 550 5099 Liba,
571 5023 688 5100 Cam·
