3942 6134
150 4224 329 4301 ‘est

296 1120 351 1207 po
486 1080 512 1208 J
809 1071 1168 1180 *aaa

156 1309 160 1317 ’
253 1286 409 1387 potest,
444 1289 544 1363 omni
558 1287 632 1363 tim.
646 1288 885 1367 fundamento
904 1262 1133 1381 destituunt,
1168 1287 1363 1367 &sinnam
1383 1288 1649 1387 juelieretieis
1664 1288 1708 1375 ’111
1840 1334 1844 1343 ·

254 1410 388 1467 manua
408 1390 555 1462 tradunt
572 1408 639 1483 pro
658 1392 824 1488 negando
839 1390 934 1467 Petri
948 1388 1103 1468 Primutu
1118 1390 1285 1467 eumdem
1305 1393 1342 1465 111
1358 1390 1491 1469 sensum
1504 1394 1538 1472 S.
1555 1396 1709 1487 scriptu

254 1508 334 1565 tam
353 1486 603 1581 detorquendi.
651 1489 1710 1569 111111111111111111111111111111111111111111111
1842 1493 1847 1517 ⁸
1886 1462 1887 1469 Ν

261 1586 420 1663 Ecclesia
429 1586 492 1663 sua
506 1588 698 1675 Primatum
708 1588 870 1666 'Christus
887 1590 1061 1680 instituit,
1087 1592 1152 1684 qui
1163 1592 1335 1665 limitibus
1352 1592 1636 1687 circumscriptae
1654 1590 1729 1690 st,
1886 1646 1887 1661 ,

207 1728 213 1735 -
261 1689 377 1778 iisque
398 1708 473 1760 non
497 1689 741 1764 determinatis
762 1692 870 1784 usque
889 1690 1155 1778 in'hodiernum
1176 1688 1296 1778 diem,
1323 1691 1434 1761 immo
1447 1711 1546 1765 nunc
1559 1692 1712 1766 maxime

262 1786 526 1877 controversisq
552 1788 637 1861 idne
659 1788 837 1883 sapienter
864 1788 1021 1863 emistus
1045 1787 1194 1877 fectrit,
1235 1784 1352 1859 &fini
1371 1786 1435 1865 suo
1457 1789 1712 1881 conformiter,
1789 1844 1796 1855 ,
1886 1880 1887 1887 ἵ

254 1886 434 1959 unitatem
454 1886 492 1961 in
510 1885 686 1979 Ecclesia,
710 1896 834 1981 paoem
854 1889 890 1962 dt
907 1888 1196 1979 tanquillitatem
1218 1885 1481 1963 commutant
1511 1885 1610 1981 Non
1624 1880 1712 1965 mihi

259 1998 371 2081 peto,
396 1987 537 2083 optime
553 1984 704 2065 Leilor!
727 1987 788 2065 sed
804 1989 956 2085 proprio
976 1983 1079 2061 cordi
1094 1999 1167 2061 tuo
1187 1982 1405 2091 responsum.
1498 2076 1502 2081 ¹
1622 2018 1627 2025 ·

889 2189 946 2308 ‘i
980 2198 1112 2319 tas
1254 2189 1255 2201 i

411 2342 573 2424 Dubium
597 2348 661 2421 tibi
682 2346 800 2423 forsan
820 2344 936 2423 adhuc
956 2340 1111 2439 superest
1132 2346 1226 2437 circa
1248 2344 1482 2441 quorumdam
1502 2340 1644 2421 Petrum
1665 2344 1726 2419 itt·-

257 2451 580 2538 terpretatlonem‚
605 2448 665 2540 qui
685 2446 853 2537 Petram„
864 2444 964 2538 supra
979 2464 1083 2535 quam
1100 2444 1249 2520 fundata
1266 2446 1315 2519 est
1332 2442 1508 2539 Ecclefia,
1532 2443 1640 2519 fidem
1655 2440 1718 2517 le

259 2545 328 2633 tri,
361 2544 421 2617 seu
443 2542 699 2632 consessionem
718 2540 844 2618 Christi
863 2544 1071 2619 Divinitatis
1091 2542 1192 2616 soille
1213 2558 1406 2639 putarunt,
1457 2558 1519 2617 aut
1533 2546 1595 2637 qui
1613 2546 1717 2619 clarat

191 2677 194 2685 =
259 2649 404 2716 celarum
432 2645 502 2713 toti
531 2634 697 2715 Ecclestae
726 2646 763 2717 ln
792 2640 900 2717 Petro
929 2636 1073 2715 traditas
1103 2642 1317 2717 docuerunt.
1381 2642 1416 2717 si
1439 2660 1512 2741 ¹qua
1536 2644 1603 2717 tibi
1633 2658 1716 2717 cum

162 2777 165 2781 ι
258 2738 319 2811 SS.
330 2735 491 2813 Patribus
511 2736 725 2813 familiaritas
738 2764 752 2831 ς
765 2762 860 2815 non
878 2740 1020 2815 credam
1037 2737 1216 2830 idserioa
1232 2758 1268 2815 te
1285 2744 1450 2836 opponi:
1481 2744 1716 2835 nequeenim

258 2838 320 2907 'vel
352 2838 478 2910 unicus
512 2839 720 2912 interillos
752 2839 822 2933 est,
861 2844 922 2934 qui
953 2836 1110 2915 nostram
1142 2840 1248 2934 plane
1279 2842 1484 2915 naturalem
1512 2840 1712 2917 verborum

201 2930 222 2951 ”
260 2930 387 3008 christi
409 2925 744 3031 interpretationem
768 2958 830 3015 aut
849 2952 979 3035 negat,
1016 2954 1078 3012 aut
1100 2944 1252 3013 omnino
1275 2936 1488 3013 contrariam
1516 2936 1713 3025 defendatt

257 3032 340 3109 sunt
360 3049 499 3109 tantum
521 3038 654 3145 aliqui,
688 3041 748 3130 qui
770 3037 938 3113 dostrinae
959 3038 1105 3113 moralis
1122 3041 1233 3137 gratia
1252 3035 1406 3135 figurato
1428 3036 1582 3113 insensu
1604 3038 1720 3111 verbi

258 3131 389 3209 Christi
413 3136 610 3240 euplicant.
660 3132 701 3210 Id
723 3142 856 3233 quippe
876 3136 929 3211 est
947 3134 1109 3223 Patribus
1133 3136 1325 3229 usitatum,
1363 3134 1593 3231 pretermisso
1613 3134 1718 3211 sensu

256 3234 429 3327 litterali,
453 3232 549 3308 haud
565 3244 686 3310 tamen
702 3250 858 3333 negato,
881 3237 1114 3331 impropriam
1130 3236 1307 3327 aliquam,
1334 3246 1401 3329 pro
1417 3236 1481 3311 suo
1497 3248 1616 3307 autern
1635 3232 1717 3305 aedi·
1744 3296 1751 3307 .
1886 3228 1887 3301 ζ

258 3328 440 3410 ficationis
459 3334 711 3428 scopoaptam
732 3336 766 3408 S.
779 3336 969 3429 Scriptura
994 3332 1080 3409 dare
1101 3332 1392 3426 explicationem.
1443 3330 1502 3407 Sic
1523 3342 1598 3429 etp,
1618 3326 1719 3407 Para·

256 3434 384 3508 bolam
409 3427 455 3504 de
478 3431 603 3505 decem
621 3434 827 3529 Virginibus
848 3435 1036 3527 multiplici
1059 3430 1097 3505 in
1118 3428 1217 3505 sensu
1236 3438 1352 3507 morali
1371 3429 1490 3505 Patres
1512 3430 1715 3527 explicatu

261 3534 496 3609 nihilominus
516 3527 729 3605 verissimum
750 3546 892 3620 manet,
924 3532 958 3602 dt
979 3532 1205 3625 innegabile,
1237 3525 1392 3603 insensu
1413 3532 1562 3625 proprio
1581 3530 1614 3603 dt
1633 3535 1718 3605 littae

260 3636 327 3705 tali
349 3627 523 3702 Christum
551 3627 704 3703 voluilse
729 3648 800 3702 nos
824 3629 868 3702 ad
895 3629 1115 3725 vigilantiam
1140 3640 1292 3722 propter
1318 3626 1540 3706 subitaneum
1567 3628 1717 3731 Domini

261 3730 460 3805 adventum
480 3726 673 3803 adhortari.
724 3726 778 3801 Ita
792 3728 828 3801 dt
845 3724 965 3801 Patres
983 3728 1057 3819 illi,
1090 3728 1143 3799 uti
1153 3722 1192 3800 S.
1204 3722 1413 3801 Hilariuein
1434 3730 1532 3806 librit
1551 3730 1587 3802 tle
1612 3725 1719 3803 Trini-

190 3912 196 3917 ,
213 3818 217 3823 ’
259 3840 328 3905 tate
345 3827 390 3901 ad
405 3824 724 3912 commendandam
741 3822 849 3901 fidem
867 3829 903 3901 in
920 3825 991 3901 Dei
1007 3824 1158 3917 Filium,
1184 3825 1344 3901 eamdem
1360 3824 1488 3903 nostrae
1504 3822 1623 3911 salutis
1637 3828 1718 3902 surr·
1829 3882 1835 3897 .

149 3939 155 3947 “
264 3928 493 4016 dementum,
511 3926 578 4011 'seu
595 3925 756 4018 Petram,
782 3946 851 4019 qua
866 3916 1051 4001 christiana
1066 3922 1222 3999 Ecclesia
1237 3924 1384 4018 nititur,
1407 3930 1488 4021 jure
1503 3928 1635 4003 merito
1652 3946 1719 4001 vo·

263 4042 402 4102 cerunt
453 4024 525 4101 Hic
544 4042 663 4099 autem
684 4032 821 4123 tropicus
837 4024 953 4101 sensus
972 4038 1098 4099 contra
1116 4032 1302 4123 proprian,
1336 4025 1585 4101 &naturalem
1605 4026 1718 4101 nulla·-

264 4142 373 4202 tenue
413 4141 544 4222 ugnat,
567 4144 673 4219 quem
691 4146 801 4219 nemo
816 4129 1043 4220 antiquorum
1061 4125 1102 4205 in.
1115 4124 1271 4205 Ecclesia
1286 4142 1416 4223 negare
1429 4146 1598 4219 umquam
1616 4124 1719 4199 ausus

381 4148 472 4299 sace
489 4226 689 4323 igiturmea
703 4239 745 4299 tu
760 4222 898 4301 Petram
914 4226 1010 4298 dicas
1026 4220 1154 4315 fidem,
1179 4241 1284 4316 quarn
1303 4220 1426 4327 Petrus
1448 4222 1627 4301 consessus
1647 4223 1718 4299 est:

264 4328 318 4400 ita
345 4322 430 4398 dum
457 4328 605 4423 oljellum
634 4326 778 4417 potius,
810 4343 919 4419 quam
933 4324 1110 4429 [1111111111
1139 4320 1314 4396 firmitatis
1337 4320 1504 4417 Eccleliae
1530 4325 1719 4411 nominem

211 4482 218 4494 .
265 4422 462 4501 meminisse
479 4439 599 4497 tamen
617 4438 654 4497 te
667 4436 837 4517 oportet,
877 4423 954 4498 hec
974 4423 1049 4498 duo
1065 4418 1212 4519 separari
1228 4441 1305 4496 non
1321 4420 1441 4518 posse,
1477 4422 1536 4499 sed
1556 4420 1720 4499 standum

268 4522 340 4599 elie
360 4524 396 4596 in
418 4520 491 4597 fide
513 4520 636 4611 Petri,
677 4524 833 4615 quinon
854 4520 978 4597 frustra
1003 4542 1022 4596 1
1041 4521 1204 4595 Domino
1226 4521 1297 4595 hoc
1316 4542 1449 4597 nomen
1473 4517 1646 4619 aceepit,
1683 4520 1719 4593 dt

245 4616 1722 4797 ’1111ι1111111111111111111111111
1780 4673 1788 4689 ·

268 4836 348 4893 rum
365 4822 416 4893 ita
430 4800 600 4895 manibus.
612 4795 705 4893 Petri
722 4818 922 4917 affignataa,
948 4836 989 4893 ut
1007 4814 1188 4913 nequeunt
1206 4812 1249 4895 ad
1265 4742 1349 4895 llr'del
1365 4744 1567 4897 11111111ἃὲ1
1590 4816 1724 4914 profes·

269 4915 404 4991 nonem
422 4919 652 5011 detorqueri:
685 4921 729 5007 θ’
746 4924 805 4993 tiit·
820 4923 897 4993 dubo
913 4920 1017 4995 claots
1034 4924 1303 5014 regularium,
1328 4914 1485 4997 Christos
1499 4920 1644 5007 dicebat
1661 4914 1727 4993 Pa·

270 5009 366 5095 1111111
382 5014 588 5112 alloquens,
612 5038 689 5094 non
708 5020 831 5115 utique
847 5014 956 5097 fidem
972 5014 1069 5094 Petri
1088 5016 1181 5113 quali
1198 5014 1462 5118 perferinam.
1569 5022 1676 5117 §.140
1707 5094 1718 5101 .
