3942 6134
329 1094 404 1183 134
653 1049 656 1055 Ι
849 1104 1184 1153 m

280 1268 349 1345 bus
368 1262 567 1346 sermonem
581 1260 708 1341 christi
727 1260 774 1337 ad
789 1259 956 1355 Petrum,
992 1264 1064 1357 Egi
1085 1268 1199 1355 rogarii
1211 1276 1269 1359 pro
1286 1278 1317 1336 te
1331 1258 1395 1336 dic.
1417 1266 1573 1359 explicat
1594 1270 1664 1360 i),
1697 1268 1741 1343 in

250 1378 262 1427 i
283 1380 365 1441 tota
382 1362 598 1465 sontificum
617 1366 705 1439 serie
720 1364 860 1440 nonnis
880 1364 976 1455 duo,
999 1364 1059 1453 vei
1079 1363 1145 1435 tria
1165 1364 1246 1435 loca
1260 1364 1383 1455 moolli
1400 1366 1552 1444 inveniri
1571 1366 1740 1457 testatur,

283 1464 320 1539 de
334 1464 407 1541 hoc
424 1462 567 1555 quidem
585 1485 661 1538 uon
684 1480 804 1555 certe,
824 1468 886 1538 aut
904 1463 1087 1550 absolute,
1108 1458 1172 1549 sed¹
1182 1460 1244 1545 sub
1261 1460 1374 1535 dubio
1377 1462 1538 1555 forsston,
1567 1468 1599 1537 ἃ
1620 1482 1657 1539 iat
1672 1491 1744 1541 cre-

244 1552 250 1568 '
284 1568 392 1652 dtur,
411 1560 601 1636 observari.
651 1554 878 1645 isiser'mone
895 1583 985 1637 vero
1002 1560 1049 1633 de
1070 1560 1223 1648 Unitum,
1245 1582 1321 1653 quo
1336 1560 1576 1654 parisiensibus
1593 1567 1661 1639 illis
1677 1586 1746 1639 co·
1845 1616 1847 1621 -
1876 1564 1877 1569 ‘

239 1707 245 1719 =
284 1665 396 1743 mitiis
427 1660 622 1738 Meidensis
644 1660 842 1758 Episcopus
864 1664 1004 1735 initium
1026 1658 1147 1750 dedit,
1172 1659 1321 1735 eredam
1342 1660 1469 1735 Roma
1495 1662 1588 1736 Petri
1610 1660 1745 1739 Carbo·

220 1823 223 1828 <
286 1762 386 1838 dratn
403 1760 563 1855 expresse
580 1776 876 1847 vocitaemmam,
901 1755 1137 1844 &romanam
1155 1756 1558 1855 Ecclefiam,quippea
1580 1763 1614 1835 S.
1630 1762 1783 1837 Petro·
1876 1858 1877 1861 Ἴ

285 1862 322 1936 dt
340 1858 606 1937 Successoriboa
621 1860 760 1937 dodam
776 1860 894 1956 iaeresss
912 1866 1067 1954 ignarum.
1101 1856 1197 1931 Dein
1213 1858 1431 1954 singulariter
1446 1856 1640 1947 Pontifices
1652 1884 1744 1939 con·

252 2024 257 2031 .
282 1960 460 2046 fiderans,
482 1980 592 2038 unum
609 1975 671 2034 eut
688 1960 781 2033 duos
799 1975 937 2033 tantuin
955 1958 1127 2047 denotat,
1148 1977 1225 2031 non
1244 1960 1302 2048 qui
1324 1970 1481 2033 errorent¹
1501 1981 1568 2056 pro
1586 1966 1749 2039 veritate

150 2086 157 2095 ·
286 2061 419 2155 divinae
437 2056 521 2133 fidei
538 2058 760 2133 credendum
782 2078 947 2150 umquam
965 2052 1182 2144 definierint,
1209 2054 1266 2129 sed
1284 2059 1346 2147 qui
1362 2061 1525 2151 pervim,
1548 2078 1609 2135 aut
1627 2060 1748 2136 subre·
1866 2120 1869 2126 .

180 2172 183 2176 ’
283 2162 449 2257 ptionem
463 2155 551 2232 fidei
564 2159 759 2235 dodrinam
778 2158 929 2253 nonsatis
945 2155 1118 2247 cardamo
1136 2154 1382 2243 defenderint,
1403 2170 1465 2230 aut
1479 2184 1540 2233 non
1552 2162 1637 2256 satis
1647 2166 1744 2257 piane
1876 2166 1877 2185 ¹

285 2260 511 2353 explicarint.
570 2258 728 2331 Domum
742 2251 912 2346 observat
927 2248 1121 2330 Pontifices
1136 2276 1180 2327 eii
1196 2259 1285 2327 orbe
1300 2256 1466 2331 universo
1483 2259 1667 2357 consultos
1681 2270 1745 2337 tot

218 2355 221 2361 ’
281 2361 354 2457 jam
367 2356 494 2443 seculis
507 2355 722 2451 respondisse
737 2356 782 2428 ad
796 2355 912 2427 omnis
926 2354 1066 2451 generis
1080 2352 1290 2446 questiones
1309 2350 1354 2427 de
1368 2354 1557 2449 dodrinis,
1582 2358 1627 2430 de
1642 2360 1745 2435 disei-

283 2460 404 2555 plina,
426 2456 471 2529 de
487 2457 722 2547 ceremoniis,
738 2453 772 2527 dt
790 2455 931 2530 unicam
947 2456 1101 2527 inveniri
1117 2452 1381 2546 responsionem
1412 2456 1534 2546 (iilam
1552 2454 1743 2549 Honoris)
1796 2481 1801 2493 ¹

283 2578 363 2634 nou
373 2552 458 2634 fidei
472 2552 743 2644 definitionem,
763 2552 822 2625 sed
838 2552 965 2627 silentii
980 2552 1267 2647 impositionem,
1283 2568 1364 2645 ‘quae
1381 2572 1507 2630 notata
1519 2556 1627 2631 suerit
1642 2556 1744 2633 Con·
1812 2554 1815 2559 ’

129 2692 147 2751 j
286 2656 357 2731 ciiii
375 2655 585 2747 oecumenici
612 2654 701 2727 NB.
726 2660 1000 2746 extremorigore:
1024 2652 1200 2747 ejusmodi
1218 2670 1337 2727 autem
1356 2653 1517 2731 defessus
1539 2660 1743 2749 peculiares
1876 2674 1877 2695 ¹

284 2750 357 2845 esse
376 2747 593 2828 summorum
610 2746 845 2837 Pontificum,
861 2771 936 2824 non
951 2772 1160 2825 communes
1175 2752 1267 2825 Petri
1287 2752 1492 2851 Cathedrae,
1508 2758 1579 2831 hoc
1593 2754 1663 2849 esi,
1680 2778 1746 2831 ro·
1876 2768 1877 2817 i

199 2884 204 2898 ¹
282 2870 400 2929 manae
413 2848 599 2941 Ecclesia,
619 2852 742 2945 inqua
758 2851 891 2925 nuliam
909 2846 1168 2945 impressionem
1183 2850 1365 2945 fecerint.r
1403 2854 1544 2944 Viden,
1565 2873 1745 2947 quantum

182 3030 192 3051 ,
284 2950 418 3047 distent
438 2971 506 3032 aera
522 2952 673 3045 lupinis,
689 2952 765 3026 hae
781 2947 938 3023 Bossueti
955 2950 1162 3039 moderata,
1183 2950 1217 3025 di
1234 2948 1312 3025 sana
1329 2955 1372 3026 ab
1392 2955 1459 3025 iilis
1477 2952 1613 3029 Pseudo
1628 2996 1642 3011 ·
1656 2952 1746 3031 Bos·

160 3107 164 3132 ,
237 3049 239 3052 ’
281 3049 375 3128 sueti
383 3052 557 3146 malignis,
565 3051 744 3142 falsisque,
759 3052 819 3143 qui
835 3048 1096 3133 catholicumse
1106 3048 1377 3132 fimulens'suuni
1391 3052 1541 3131 studium
1558 3056 1655 3127 ineo
1671 3078 1747 3148 po·

282 3151 372 3241 suit,
398 3164 437 3222 iit
458 3148 598 3239 Patrem
617 3148 762 3227 suorum
775 3148 936 3226 verenda
950 3151 1106 3247 turpiter
1120 3148 1340 3246 denudaret,
1366 3150 1572 3245 mundoque
1586 3151 1748 3231 adsean·

283 3248 403 3329 disum
418 3252 658 3349 proponeret!
832 3339 838 3347 .
1660 3296 1667 3301 -
1876 3302 1877 3357 3

663 3394 1362 3564 nuuicunusii.
1456 3470 1513 3563 g

227 3680 233 3694 ,
374 3576 947 3735 concredidiones
997 3610 1112 3707 non
1157 3584 1679 3741 infrequentes„

282 3905 441 4081 Vetus
457 3906 607 3982 verbum
626 3902 754 4003 habet:
780 3902 967 4001 Mmdacem
983 3916 1100 4002 oportet
1115 3896 1170 3999 effe
1184 3924 1360 3981 memorem.
1410 3892 1562 3985 Infausta
1576 3910 1739 4001 oblivio,
1876 3934 1877 3999 i

173 4059 183 4070 .
386 4018 495 4100 prout
508 4004 718 4096 pierumque
734 4006 840 4077 certis
852 4003 1057 4084 homiuibus
1070 4002 1220 4091 accidit,
1239 4002 1424 4081 Editorem
1440 4010 1539 4097 libri,
1557 4000 1731 4083 eumdem

209 4154 235 4171 .
285 4100 643 4189 &authorem,'vei
659 4105 780 4177 saitem
804 4102 1081 4178 adulteratorem
1096 4102 1264 4195 prodidit
1332 4103 1384 4191 ss,
1417 4109 1533 4197 quiin
1557 4105 1739 4182 Prosatio·
1812 4163 1815 4171 .
1876 4104 1877 4189 ἴ

283 4228 333 4283 ne
346 4202 491 4278 testatus
505 4200 576 4293 est,
590 4222 659 4287 uec
674 4206 824 4276 verbum
838 4202 892 4274 Μ.
903 4200 1073 4275 Bossiieto
1086 4199 1236 4289 addere,
1250 4205 1309 4275 vei
1324 4202 1526 4278 subtrahere
1539 4207 1599 4279 sibi
1615 4210 1735 4301 segem
1876 4204 1877 4255 Ψ

157 4359 161 4370 ·
192 4348 199 4365 ι
285 4301 411 4394 foisse,
437 4304 475 4375 in
491 4299 697 4396 appendicis
715 4301 758 4373 ad
775 4304 904 4375 librum
922 4300 1132 4395 praefatione
1150 4300 1266 4373 adhuc
1286 4299 1333 4374 sui
1351 4322 1489 4377 memor
1511 4304 1735 4380 Meldensem

284 4406 501 4499 Episcopum
519 4417 695 4493 tamquam
709 4400 912 4483 Authoreni
930 4401 976 4473 de
992 4398 1025 4473 se
1043 4404 1078 4472 in
1093 4402 1203 4491 prima
1218 4398 1366 4492 persona
1378 4402 1448 4497 Ego
1459 4390 1667 4497 loquentem
1682 4407 1739 4477 iit·

284 4506 404 4591 ducit;
431 4498 552 4592 postea
571 4510 691 4571 tamen
712 4500 748 4571 iii
766 4503 885 4592 operis
902 4500 1052 4573 decursu
1073 4497 1120 4571 sui
1139 4500 1273 4573 oblitus
1291 4502 1441 4595 append.
1461 4504 1484 4577 1.
1506 4524 1525 4597 3
1553 4504 1734 4597 integrum

284 4596 403 4697 capot
425 4596 535 4674 rade
555 4594 695 4694 Boffiiem
715 4600 751 4672 in
777 4600 881 4672 tertia
897 4601 1072 4693 persona,
1095 4596 1414 4692 &pleno-quiden
1434 4623 1514 4677 cuin
1533 4604 1663 4691 titulo,
1688 4624 1735 4677 ac

241 4710 251 4777 “.
283 4704 406 4799 insigni
424 4694 594 4771 encomio
614 4700 651 4771 in
672 4698 827 4771 medium
846 4698 1011 4788 adducit,
1037 4698 1135 4791 quod
1155 4714 1256 4773 certe
1276 4720 1352 4773 non
1375 4724 1395 4773 a
1417 4699 1579 4799 dissueto,
1607 4716 1650 4777 ut
1671 4704 1734 4795 qui

282 4800 420 4894 semper
436 4797 480 4869 de
495 4796 530 4869 se
546 4796 622 4889 ipso
638 4794 884 4885 modestissime
899 4797 1051 4897 scripsst,
1070 4794 1130 4872 sed
1146 4794 1179 4872 dt
1200 4796 1335 4875 sensisse
1358 4798 1515 4877 videtur.
1589 4812 1597 4818 ’
1659 4816 1670 4827 ’“

1601 4904 1681 4993 sia.

281 5000 447 5023 ρ...-

357 5032 390 5113 *)
411 5026 518 5136 idedit·
534 5035 567 5094 in
579 5034 697 5110 Erana.-
713 5032 762 5093 die
776 5052 831 5117 pa.
973 5011 980 5039 ⁴
