3942 6134
798 1042 1131 1156 ᾖ
1339 1165 1368 1189 ν,
1437 1055 1442 1064 ·
1572 1059 1648 1196 ξέοι

150 1252 160 1290 ¹
226 1265 381 1384 seipling
398 1259 631 1362 exemplum
648 1261 859 1382 imitatione
871 1262 1048 1344 hodierna
1069 1262 1322 1384 digniiiimuni‚
1346 1265 1572 1366 reamplns
1586 1289 1697 1352 aven·

233 1381 311 1444 tum
332 1370 480 1444 mima!
516 1361 592 1440 Rea
618 1359 719 1438 secur
744 1363 899 1458 cecidit,
932 1389 975 1443 ae
995 1365 1173 1464 Hispanre
1192 1363 1356 1440 Prusulea
1381 1371 1696 1452 tantirrntionum

228 1469 427 1544 momentia
450 1461 545 1541 dubi
575 1459 835 1556 cambiebant,
859 1461 1029 1560 ipsorum
1055 1467 1200 1542 decreta
1221 1463 1315 1560 jussu
1342 1460 1525 1540 Pontinus
1545 1469 1696 1566 reiciiia,

228 1581 551 1662 praeceptumque,
577 1562 809 1638 utinviolata
821 1561 894 1640 fide
910 1587 1069 1642 canones
1082 1565 1371 1640 observarentur.
1420 1561 1483 1638 Ad
1501 1563 1695 1646 Ascanium

99 1678 100 1689 ¹
230 1663 539 1760 Metropolitum,
563 1659 622 1736 seu
640 1656 831 1738 Primatum
851 1662 1024 1760 rescripsit
1038 1663 1216 1753 Hilarius,
1243 1677 1284 1736 ut
1303 1683 1391 1736 mox
1405 1661 1549 1754 iuberet
1569 1667 1612 1738 ad
1626 1667 1695 1744 Ec·
1832 1725 1835 1730 .

228 1764 377 1842 cleliam
404 1761 530 1854 suam‚.
554 1780 714 1836 remeare
745 1761 942 1856 Irenaum,
975 1763 1084 1858 idque
1107 1765 1158 1842 iili
1190 1784 1235 1838 ex
1267 1763 1489 1858 indulgentia
1522 1766 1693 1857 concedi,

229 1865 296 1956 qui
317 1876 496 1954 umquam
517 1856 659 1934 Nicaoi
680 1863 830 1935 canonis
852 1859 1182 1938 contemtor‘foret
1205 1859 1455 1958 deponendus.
1506 1855 1607 1936 Num
1630 1885 1695 1958 pu·

227 1975 309 2052 tas,
343 1966 457 2034 amice
474 1957 625 2034 Leiior!
656 1955 835 2054 Hispaniae
854 1958 1045 2046 Prinatena
1064 1977 1277 2053 ceterosque
1296 1957 1459 2046 Praesulea
1477 1957 1561 2034 huie
1579 1962 1696 2058 inopi·
1818 1991 1821 1998 ·

226 2055 716 2153 nato'Pootificirreiponsu
736 2057 839 2134 fuisse
857 2061 1085 2159 indignatos,
1112 2061 1279 2153 suamque
1300 2055 1517 2154 dispensandi
1540 2059 1695 2152 potesta,-

224 2176 303 2236 tem
314 2155 794 2254 pretendendorefngatos‚
818 2174 859 2234 ut
869 2159 1070 2236 Febroniua
1079 2159 1222 2252 quidem
1233 2156 1563 2256 confiliasuggeriti
1590 2159 1696 2260 Cogi·

225 2269 286 2351 ta,
313 2277 401 2331 num
420 2258 574 2348 antiquis
594 2257 665 2331 illia
681 2261 904 2350 temporibus
922 2261 1043 2334 minor
1061 2259 1171 2334 luerit
1188 2257 1329 2333 summae
1346 2255 1447 2330 Sedis
1464 2257 1693 2354 Autboritar,

225 2357 260 2430 br
294 2357 417 2430 rninor
447 2375 530 2452 erga
557 2353 720 2432 eamdem
750 2355 1015 2452 Episcoporum
1048 2359 1278 2434 reverentia?
1314 2375 1473 2448 quanam
1498 2355 1692 2454 discipline

226 2457 387 2532 mutatio
410 2451 626 2528 instituenda
645 2453 707 2545 fit,
731 2453 756 2529 fi
776 2455 820 2528 ad
841 2455 1034 2538 sannatia
1056 2470 1246 2552 tempora,
1271 2455 1369 2550 quod
1390 2454 1610 2550 optandum,
1637 2459 1694 2532 fo·
1812 2456 1816 2464 '

225 2569 287 2630 ret
305 2551 564 2630 reformanda?
597 2573 644 2628 an
666 2555 782 2628 veteri
804 2555 1041 2632 observantia
1062 2555 1276 2648 lfidoriana,
1311 2574 1437 2630 noune
1460 2565 1580 2648 potius
1604 2555 1697 2638 Gen·

224 2654 404 2743 soniam,
424 2649 1083 2756 &noviffimeFebronlanapriocipia
1097 2657 1250 2750 vuluua,
1265 2703 1310 2724 -.
1333 2655 1471 2731 utinam
1482 2673 1560 2732 non
1574 2655 1693 2736 letha·
1801 2655 1818 2664 ”

116 2788 121 2794 ·
220 2753 284 2832 le!
309 2803 354 2822 -
376 2749 669 2830 inflixerintlii

254 3035 261 3046 ,
533 3010 540 3022 ι
891 2901 1031 3052 iaa-
1136 2925 1191 3067 g-

276 3108 282 3122 ’
304 3046 308 3050 ’
366 3077 498 3184 'Quill
523 3074 624 3172 quod
641 3077 787 3155 illorum
805 3090 1011 3175 temporum
1030 3077 1205 3174 exemplia
1217 3071 1321 3152 'adeo
1337 3069 1475 3156 ostendi
1491 3093 1568 3156 non
1585 3075 1692 3178 polit

223 3181 460 3348 subgulatium
477 3177 737 3272 Episcopomm
755 3177 912 3272 potessas
927 3183 1022 3256 circa
1036 3177 1248 3254 relaxandos
1262 3173 1427 3252 Eccleliae
1442 3197 1622 3272 canoner,
1649 3194 1692 3260 ut
1726 3253 1729 3258 .

224 3299 278 3354 ea
304 3297 362 3352 em
385 3277 492 3352 etiam
517 3271 683 3370 expreffir
708 3276 1015 3369 prohibitionibus
1038 3276 1301 3352 demonstretur
1321 3287 1460 3372 negata.
1509 3277 1565 3352 Ira
1584 3279 1694 3356 inno·

224 3375 432 3467 centiurl,
456 3393 538 3471 eum
558 3371 604 3448 ad
626 3372 879 3451 declinandum
902 3375 1044 3452 schisma
1065 3373 1250 3472 Episcopia
1272 3373 1501 3450 Macedoniae
1521 3377 1693 3472 permifis·

224 3476 287 3552 set
307 3497 328 3549 a
346 3475 494 3552 Bonoso
517 3471 707 3548 ordinatae
726 3495 772 3550 ex
792 3478 924 3568 venia,
964 3475 998 3550 bt
1019 3475 1241 3550 humanitate
1260 3473 1304 3548 ad
1327 3471 1529 3550 funiliouea
1548 3475 1694 3557 suorum

227 3571 403 3651 ordinum
419 3573 631 3660 admittere,
667 3571 842 3670 reseripfit
859 3573 924 3672 i>a
961 3574 1067 3672 „Jam
1087 3593 1193 3672 ergo,
1229 3572 1327 3666 quod
1346 3593 1413 3666 pro
1428 3577 1611 3669 remedio,
1647 3599 1694 3654 ac
1746 3647 1750 3656 .
1874 3593 1875 3600 ‘

225 3670 466 3768 „neceunre
483 3671 658 3767 temporie
678 3669 848 3750 statutum
870 3673 944 3766 est,
970 3671 1112 3750 eonllat
1132 3674 1294 3768 primitur
1307 3691 1383 3746 nun
1403 3671 1524 3766 suilla,
1550 3697 1593 3752 ac
1614 3674 1693 3754 fuis·

224 3773 297 3867 „ie
315 3774 455 3870 regular
476 3782 644 3861 ueteres,
685 3791 772 3866 quaa
791 3780 839 3848 ab
854 3771 1067 3870 Apostoli,
1106 3775 1166 3847 vei
1190 3776 1234 3846 ab
1254 3769 1459 3866 apostolicis
1479 3777 1563 3849 virio
1586 3777 1692 3851 trudi·

218 3888 310 3967 „tas
331 3869 490 3944 Eeelelia
509 3887 660 3952 romana.
676 3869 861 3962 custodit,
894 3871 1219 3966 custodiendasque
1244 3871 1400 3946 mandat·
1413 3872 1468 3947 hia
1476 3921 1489 3964 ,
1526 3877 1585 3971 qui
1609 3895 1691 3952 eam

227 3969 386 4064 „audire
405 3965 685 4045 consueverunt.
708 4015 753 4036 -.
799 3971 913 4068 Quod
936 3971 1119 4048 necabitur
1140 3992 1208 4066 pro
1229 3968 1391 4044 remedio
1413 3970 1576 4064 invenit,
1616 3969 1688 4050 ces·

227 4067 360 4165 „sante
379 4063 584 4144 neceiiitate
604 4063 715 4142 debet
734 4067 860 4160 utique
880 4069 1025 4153 celiane.
1049 4119 1095 4140 ·-
1140 4069 1335 4162 Aiumitr,
1361 4075 1444 4168 qual
1460 4099 1515 4152 rur
1552 4087 1611 4148 rtur
1628 4079 1691 4150 im·

228 4173 424 4268 „prunum
456 4174 493 4242 in
514 4185 590 4268 patr
610 4167 682 4262 jura
708 4165 902 4259 constitutur*
915 4171 1070 4264 Ecclefiar
1091 4194 1154 4246 ann
1173 4166 1254 4269 prffe
1276 4170 1470 4270 pastuum.
1542 4170 1609 4260 ed,
1649 4190 1691 4252 ut

229 4265 357 4362 „saepe
376 4265 527 4355 accidit,
551 4267 696 4357 quoties
717 4267 919 4360 apopulia,
945 4281 1008 4344 aut
1029 4292 1050 4344 a
1070 4271 1173 4344 turba
1190 4279 1380 4364 peccatur,
1406 4272 1488 4362 quia
1505 4273 1689 4350 inomnor
1803 4339 1807 4347 ,

228 4380 414 4461 „propter
435 4363 701 4439 multitudinem
732 4385 810 4441 non
839 4365 959 4461 potest
982 4361 1177 4460 uindicari,
1223 4370 1376 4442 inultum
1404 4366 1496 4442 solet
1522 4373 1688 4448 transiret

227 4465 382 4559 „priora
398 4461 610 4550 dimittenda
628 4462 714 4538 dico
731 4463 804 4540 Dei
821 4466 992 4559 judicio,
1031 4468 1132 4542 &de
1154 4469 1293 4560 reliquo
1313 4469 1466 4540 maxime
1483 4469 1688 4546 sollicitudi·
1761 4463 1793 4534 ‘.
1874 4525 1875 4534 l

228 4560 638 4661 „nepraecavendum.“
687 4559 900 4642 Coleliiuua
909 4563 950 4643 P.
966 4567 1092 4646 severe
1104 4573 1247 4648 monuit
1260 4559 1477 4666 Episcopus,
1503 4587 1688 4743 nedquem·

1581 4689 1636 4748 am

304 4835 610 4964 §innocentiani
630 4879 792 4969 Epliinp,
812 4896 886 4957 Μ.
959 4974 967 4988 .
1064 4959 1075 4976 ,

920 4985 999 5076 Kk
1096 5071 1107 5090 ,
