3942 6134
274 1071 438 1185 na·
793 1093 1127 1147 m·-

637 1264 642 1277 ¹
831 1224 921 1363 “st
952 1257 1040 1342 11·''

84 1469 87 1476 ,
173 1438 176 1449 ·
248 1371 250 1376 ’
384 1392 529 1498 Quinto
558 1369 708 1472 canone,
723 1381 919 1465 Gaudentii
949 1389 1150 1475 sermonem
1181 1383 1227 1461 de
1254 1319 1395 1462 sormaii
1419 1387 1576 1466 damnati
1600 1381 1685 1486 Epi·

236 1501 335 1595 scopi
356 1493 599 1590 appellatione
620 1489 665 1567 ad
686 1485 814 1580 Papam
837 1488 1023 1580 excipiens
1045 1485 1149 1562 Osrur
1173 1487 1223 1560 ita
1237 1484 1296 1560 est
1316 1485 1549 1582 prosecutus,
1600 1503 1640 1564 ut
1661 1488 1689 1564 st

231 1603 316 1699 'quia
343 1590 528 1688 aSynodo
555 1589 769 1681 provinciali
800 1583 982 1681 depositus
1012 1587 1143 1660 velin
1167 1583 1319 1660 secunda
1342 1587 1415 1680 jam
1445 1585 1609 1664 instantia
1641 1587 1688 1662 ad

234 1715 424 1782 romanum
442 1685 654 1764 Pontificem
675 1681 891 1780 appelia'ndo
929 1683 997 1784 (id
1017 1684 1078 1759 srbi
1100 1687 1180 1758 vuit
1198 1704 1309 1780 macca
1334 1685 1507 1778 expreffio
1531 1706 1567 1764 ut
1585 1692 1689 1785 appel·

237 1802 339 1892 mr)
364 1788 587 1886 confugeritt
627 1785 672 1859 ab
690 1784 850 1878 eJ'uadem
869 1787 1063 1858 voluntate
1081 1783 1303 1876 dependeat,
1340 1801 1406 1869 an,
1443 1784 1687 1878 &quomodo

122 1882 127 1890 ’
236 1901 334 1976 velit
348 1895 500 1968 alterum
514 1883 668 1961 concedi
687 1879 879 1982 indicium,
920 1881 1056 1956 seilicet
1068 1901 1112 1954 an
1132 1877 1299 1955 Pontifex
1318 1881 1528 1976 propinquae
1548 1887 1689 1959 rantum

237 1992 445 2077 Provincia*
463 1983 663 2080 Episcopos
677 1997 719 2057 ut
735 1983 872 2074 judicer
889 1983 979 2053 velit
995 1981 1207 2068 nominare,
1244 1998 1289 2052 an
1309 1975 1453 2074 dignum
1474 1980 1622 2057 estimet
1643 1983 1705 2071 ad,

237 2106 366 2198 precer
385 2085 617 2184 appellantia,
644 2084 705 2175 qui
723 2077 897 2173 suspectos
914 2077 1026 2151 habet
1044 2075 1216 2152 finitimos
1236 2076 1396 2169 judicer,
1423 2101 1443 2152 e
1465 2085 1614 2176 proprio
1636 2084 1690 2156 la‘·
1745 2111 1746 2116 ¹

238 2213 318 2272 tere
333 2192 489 2287 Legatos
509 2185 674 2282 mittere,
705 2177 766 2269 q'ui
786 2195 867 2249 cnm
888 2173 1074 2272 Episcopia
1093 2175 1281 2276 judicent,
1316 2173 1349 2248 dt
1369 2182 1428 2269 qui
1447 2175 1524 2252 NB.
1542 2179 1691 2274 pontifi·

106 2363 109 2372 .
239 2299 331 2373 eiam
352 2284 547 2384 injudicio
567 2275 821 2359 authoritatem
844 2273 1117 2370 praeEpiscopia
1138 2278 1340 2350 obtineant.
1391 2275 1432 2351 in
1455 2279 1691 2375 apricopofi·

131 2376 153 2494 ζ
237 2411 316 2470 tum
334 2387 406 2476 cst,
430 2399 585 2472 unoque
600 2376 672 2450 hoc
690 2388 840 2467 quarto,
867 2359 902 2446 n
923 2377 1052 2468 quinto
1069 2395 1210 2454 canone
1232 2377 1285 2472 egi
1306 2375 1351 2450 de
1372 2375 1513 2452 formali
1533 2381 1689 2474 ‚appella-

238 2497 342 2569 tione
359 2483 403 2560 ad
420 2481 578 2576 superins
594 2470 723 2566 Episco
750 2475 802 2562 ia,
829 2471 939 2566 idque'
955 2471 1181 2570 pontificium
1201 2476 1379 2566 tribunal,
1405 2496 1555 2568 eamque
1571 2481 1690 2580 appel·

176 2620 181 2628 ·
236 2582 435 2670 lationem,
471 2591 513 2650 ut
532 2574 666 2647 licitam
686 2592 707 2644 a
724 2497 885 2646 patribus
901 2564 1165 2648 Sardicensrbus
1186 2572 1347 2668 agnosci,
1385 2594 1427 2647 ac
1451 2577 1689 2672 presupponi,
1848 2647 1854 2656 ,

104 2722 110 2735 ’
204 2709 215 2732 ⁶
237 2689 447 2776 neutiquam
470 2690 562 2746 vero
579 2669 727 2743 noviter
748 2668 893 2743 institui.
942 2667 1001 2745 Ex
1025 2692 1100 2764 quo
1124 2685 1295 2766 apparet,
1329 2691 1432 2766 quam
1457 2672 1541 2750 false
1562 2675 1597 2751 dt
1616 2679 1691 2751 inc·

238 2795 305 2884 pte
325 2774 506 2869 onpiniur
525 2769 675 2866 garriat,
701 2767 802 2860 quod
823 2765 992 2844 Pontifex
1012 2789 1181 2844 romanus
1203 2790 1280 2844 non
1301 2770 1347 2845 de
1367 2771 1480 2856 causs'a
1505 2774 1576 2870 ipsa
1595 2776 1691 2869 judi.

240 2883 353 2970 earit,
378 2871 437 2950 sed
457 2887 596 2968 tantum
618 2867 664 2950 de
679 2862 940 2962 Episcopomm
962 2869 1119 2961 judici03
1146 2869 1238 2962 quast
1261 2869 1352 2944 istud
1369 2870 1585 2966 dijudicare,
1610 2892 1689 2963 non

238 2983 340 3058 foret
362 2971 469 3069 ipsam
492 2966 712 3060 reiudioare,
746 2965 781 3038 dt
808 2965 1004 3042 reformare
1024 2967 1122 3064 posse
1146 2966 1309 3044 caussam.
1361 2969 1520 3052 Caussam
1545 2975 1590 3047 ab
1607 2973 1692 3069 Epi.

237 3080 357 3174 scopia
367 3076 438 3167 jam
456 3067 649 3164 iudicatam
666 3064 946 3161 recognoscere,
970 3069 1174 3165 iterumque
1194 3066 1344 3162 desuper
1362 3083 1424 3144 ant
1439 3073 1476 3147 in
1497 3077 1602 3147 tertia
1615 3073 1689 3148 Ro·

105 3245 111 3254 .
236 3201 305 3259 me
325 3193 390 3272 per
406 3171 443 3245 se
460 3163 573 3269 ipsum
590 3161 773 3254 instantia,
798 3169 918 3242 autin
938 3163 1092 3242 secunda
1117 3187 1182 3262 per
1201 3165 1357 3265 Legatos
1378 3171 1415 3244 in
1436 3174 1595 3267 partibus
1615 3173 1691 3249 sen·

240 3279 391 3356 tentiam
414 3269 531 3356 ferre,
563 3263 673 3338 dicite
695 3260 936 3349 Febroniani!
970 3267 1057 3360 quid
1083 3265 1133 3340 est
1156 3267 1250 3356 hoc,
1284 3269 1347 3342 nisi
1370 3269 1529 3366 suprema
1549 3273 1690 3366 jnriadi·

237 3378 359 3458 ffione
378 3361 565 3464 pontificia
585 3366 622 3436 in
648 3362 708 3433 via
721 3365 980 3462 appellationis
997 3363 1184 3460 judicare?
1222 3363 1421 3443 Enimvero
1446 3386 1508 3444 aut
1530 3370 1689 3447 commu·

235 3473 501 3556 nia'hominum
519 3461 613 3537 ratio
637 3457 787 3534 insaniat
807 3463 949 3547 neeesse
970 3467 1046 3558 est,
1089 3479 1150 3540 rut
1174 3483 1243 3537 vos
1265 3469 1459 3542 verborum
1480 3469 1577 3546 inani
1598 3471 1687 3552 suco

236 3573 372 3658 fallitia·
850 3628 858 3641 ,
1290 3585 1303 3616 ‘

399 3831 404 3840 ,
903 3735 942 3856 §a
974 3757 1042 3834 ¹20
1127 3787 1130 3796 '
1192 3767 1223 3823 'x'
1344 3851 1348 3858 ι

387 3885 489 3965 Nihil
510 3883 623 3962 officit
639 3879 824 3958 Hincmari
840 3880 1052 3958 Rhomensrs
1070 3873 1342 3978 Archiepiscopi
1363 3885 1614 3984 interpretatio
1635 3895 1688 3988 *),

207 3992 339 4090 *quod
361 3987 582 4064 sardicensea
601 3983 770 4060 Canonea
797 3983 946 4058 caussam
969 3979 1137 4079 Episcopi
1160 3983 1197 4056 in
1220 3985 1434 4076 provinciali
1460 3989 1610 4084 synodo
1636 3997 1689 4087 ju·
1719 4059 1731 4068 .

239 4095 348 4188 dicati
366 4083 453 4164 'cum
470 4081 660 4187 ,Pontificio
686 4086 825 4168 romani
850 4084 1026 4172 Vicario,
1065 4083 1126 4154 vei
1151 4082 1319 4174 arbitrio,
1358 4083 1726 4187 &episcoporum

206 4212 212 4224 ’
239 4199 302 4292 qui
329 4195 402 4288 iam
425 4187 697 4281 iudicaverunt,
734 4182 768 4254 dt
795 4185 966 4273 aiiorutn,
999 4183 1059 4275 qui
1091 4183 1127 4253 in
1152 4184 1353 4276 propinqua
1378 4181 1567 4263 Provincia
1592 4192 1685 4286 sunt,

235 4295 376 4390 judicio
404 4287 612 4384 praecipiant
641 4284 833 4357 terminari.
885 4279 1121 4374 Praeterquam
1149 4283 1243 4354 enim
1275 4280 1374 4373 quod
1392 4281 1499 4360 ¹nulla
1531 4289 1572 4363 iit
1595 4289 1687 4367 fidea

239 4391 423 4468 Hincmati
442 4387 481 4459 in
496 4385 564 4458 hac
576 4383 889 4475 interpretatione,
913 4383 1046 4474 qnippe
1061 4399 1130 4474 qua
1146 4377 1225 4451 usus
1240 4378 1347 4456 estad
1365 4385 1574 4476 palliandam
1592 4389 1688 4466 suam
1843 4423 1851 4446 κ
1888 4385 1889 4392 ‘

240 4513 324 4588 erga
340 4485 538 4582 Episcopoa
562 4487 821 4578 arrogantiam,
845 4481 880 4554 dt
901 4482 1139 4568 violentiam
1163 4498 1232 4552 nec
1251 4479 1325 4573 ipse
1345 4485 1451 4558 etiarn
1474 4483 1689 4566 Hincmarua

120 4651 135 4678 ,
240 4591 411 4690 negavit,
437 4581 496 4660 ted
520 4583 641 4674 potior
666 4575 771 4654 fassae
800 4577 851 4654 est
874 4581 1122 4679 cognitionem
1145 4577 1319 4672 ejusmodi
1343 4580 1490 4676 cauffo,
1517 4589 1623 4664 etiam
1646 4592 1689 4666 in

237 4689 394 4786 secunda
417 4679 579 4759 instantia
598 4675 757 4766 debuisse
781 4677 827 4754 ad
848 4675 979 4778 Papa
1003 4676 1152 4768 referri,
1176 4689 1219 4753 ut
1241 4701 1312 4756 caat
1331 4684 1399 4778 uias
1416 4686 1549 4760 attinio
1569 4687 1687 4764 termi-

86 4809 90 4818 ·
699 4825 707 4840 ·
1482 4799 1638 4862 naretur.
1740 4855 1744 4860 .

747 4905 912 4931 m

311 5004 346 5083 ⁸)
369 4995 466 5072 apta·
476 4997 515 5058 ad
528 4995 673 5076 Joauntnr
686 4978 721 5060 p,
729 4991 812 5056 vna

171 5378 314 5450 A
