3942 6134
224 1052 226 1062 '
321 1058 398 1146 '460
836 1072 1169 1121 mauu
1054 1030 1058 1038 ’
1161 1059 1169 1069 ·

272 1253 342 1331 pro
366 1232 500 1311 rituum
512 1217 750 1315 arternumrn
766 1234 1019 1321 ordinatione,
1044 1218 1113 1325 pro
1126 1212 1456 1325 varilrtempornm
1472 1215 1662 1325 erigentiir
1676 1226 1718 1307 in

157 1378 159 1381 ·
273 1335 394 1409 animo
412 1333 649 1432 proposuisse,
667 1360 744 1413 non
763 1348 934 1424 tantum,
947 1334 1009 1425 qui
1029 1332 1156 1407 unicus
1175 1331 1297 1405 isidori
1313 1328 1442 1423 scopus
1458 1328 1553 1403 salso·
1565 1327 1719 1416 dicitur,

271 1430 990 1531 pontificiaeAuthoritatisextensionem.
1020 1424 1719 1525 Nemoprosedlomendrrriinetaussaa
1835 1463 1839 1467 Δ
1890 1397 1891 1424 ᾖ

273 1544 347 1609 tam
361 1534 503 1608 innatua
516 1550 651 1609 natura
663 1537 790 1615 nostre
803 1533 963 1608 veritatis
977 1550 1079 1605 amor
1092 1529 1153 1605 est.
1177 1526 1307 1603 Nemo
1317 1530 1368 1603 ita
1379 1526 1527 1618 insanit,
1543 1524 1720 1599 ut‘summi

271 1628 399 1723 studii,
414 1654 457 1708 ac
468 1636 599 1709 laboris
613 1634 800 1729 dispendio
811 1630 997 1709 mendacia
1008 1628 1071 1715 fibi
1085 1627 1372 1724 nihilprofutura
1384 1628 1619 1704 consarcinet.
1645 1620 1721 1695 Hu·

222 1747 223 1753 ‘
267 1728 427 1826 juamodi
443 1752 462 1806 a
480 1732 614 1829 scopo,
632 1750 673 1806 ut
689 1748 835 1828 putatur
852 1733 1070 1820 Μινωιονίς,
1092 1750 1199 1822 qnam
1215 1724 1411 1824 longlffime
1425 1728 1553 1800 aliene
1570 1723 1631 1797 uel
1648 1740 1720 1797 ma·

270 1849 340 1925 gna
356 1844 401 1913 ex
418 1839 519 1923 parte
526 1884 541 1922 ‚
560 1838 621 1905 ve}
642 1836 784 1927 penitus
799 1834 833 1905 dt
849 1852 894 1906 ex
910 1843 993 1903 toto
1009 1831 1169 1923 plurimu
1185 1827 1266 1903 sunt
1284 1825 1536 1921 epistolaesuti
1552 1820 1726 1897 Cleonem

270 1926 504 2018 tia‚Evaristi
512 1984 526 2023 ,
538 1931 636 2023 Xysti
656 1931 692 2023 1,
710 1930 946 2027 Telesphori,
959 1926 1115 2026 Hygini,
1133 1925 1182 2001 Pii
1200 1926 1239 2016 1,
1255 1926 1413 2015 Soteria‘,
1426 1920 1724 2010 Calliam-Urbe·
1744 1968 1750 1977 ·
1890 1903 1891 1920 Ν

268 2028 330 2122 ni,
349 2024 534 2127 Pontiani,
555 2030 737 2149 Cornelii,
755 2032 949 2131 Stephani,
963 2026 1064 2123 Xysti
1078 2025 1134 2123 11,
1150 2024 1336 2123 Dionysii,
1352 2026 1585 2119 aliorumque.
1693 2055 1696 2066 ·

690 2210 693 2215 ¹
818 2251 846 2273 ”
925 2244 965 2363 d.
1000 2247 1070 2349 18.

321 2452 325 2459 .
418 2386 531 2497 Quod
550 2392 668 2484 plures
684 2392 823 2467 illarum
841 2390 1087 2469 Decretaliurn
1103 2388 1150 2467 de
1163 2389 1326 2485 judiciii,
1340 2386 1388 2463 de
1405 2350 1735 2478 contentionibua‘

272 2490 307 2565 dr
322 2484 585 2585 Episcopatum
600 2492 905 2582 accusationibus,
924 2494 984 2567 vel
997 2488 1282 2586 oppreffionibus
1297 2488 1469 2577 tradent,
1479 2487 1527 2558 id
1545 2486 1626 2560 sane
1641 2506 1717 2563 non

270 2592 401 2665 mirum
418 2590 603 2677 videatur,
624 2590 683 2662 sed
704 2593 848 2664 illorum
866 2604 1070 2681 temporum
1085 2590 1213 2685 gestis,
1235 2589 1295 2664 seu
1311 2587 1475 2684 genuinis
1492 2584 1645 2662 historic
1657 2584 1720 2659 do·

270 2688 449 2761 currentia
462 2687 621 2780 apprime
634 2688 877 2776 conueniens:
896 2687 1155 2778 quamprimum
1169 2684 1382 2761 enimauiio
1395 2684 1584 2759 hominurn
1596 2704 1719 2758 nume·

269 2804 313 2859 ro
331 2782 470 2857 dilatari
485 2786 594 2875 coepic
611 2781 789 2873 Ecclesra,
816 2800 925 2878 prout
940 2784 1095 2859 humana
1113 2783 1256 2859 indoles
1285 2782 1492 2860 eil'uonrrisr
1509 2780 1717 2859 difficillime

269 2881 308 2957 iu
325 2884 462 2957 unitate
479 2887 699 2973 animorum,
720 2882 1064 2957 &subordinatione
1080 2885 1283 2974 contineri,
1305 2883 1377 2975 iam
1391 2885 1511 2977 plures
1530 2896 1620 2957 orta
1636 2884 1720 2957 sunt

151 3024 153 3027 ·
271 2983 529 3058 contentiones
545 2984 639 3057 inter
652 2981 812 3056 subditos
827 2982 859 3053 dr
873 2981 1059 3071 Praesules,
1075 2985 1137 3059 uel
1156 2982 1303 3059 iliorum
1318 2984 1414 3059 inter
1430 2982 1466 3057 se
1481 2982 1583 3077 ipsus.
1611 2979 1716 3057 Nihil

125 3140 130 3149 .
230 3124 232 3132 ,
268 3080 430 3158 nuncde
447 3082 708 3176 Apostolorum
730 3087 820 3154 vivo
839 3081 954 3155 adhuc
976 3082 1140 3155 Domino
1161 3083 1416 3158 controverfiis
1433 3080 1718 3173 dicam;.hu1ua·
1750 3126 1754 3130 -

267 3179 369 3257 modi
392 3186 556 3277 exempla
576 3182 737 3276 pluribus
757 3183 794 3256 in
813 3182 904 3254 locis
931 3178 1008 3255 asia
1026 3180 1310 3276 Apostolorum,
1333 3182 1416 3255 dci.
1437 3177 1535 3254 Pauli
1555 3178 1717 3274 epistolae

138 3352 144 3359 ,
270 3278 464 3369 exhibent,
491 3296 533 3356 ut
557 3279 650 3354 adeo
674 3278 770 3355 idem
795 3276 993 3373 Apostolus
1016 3295 1166 3376 propter
1187 3282 1464 3374 obloquentium
1483 3280 1716 3374 pertinaciam

269 3380 315 3453 ad
330 3377 495 3455 Ecclesru
512 3380 692 3473 Principes
710 3376 996 3478 Hierosolymam
1012 3378 1210 3478 confugere
1227 3379 1404 3454 debuerit.
1454 3378 1530 3473 ipsa
1548 3376 1717 3454 Clemen-

229 3536 233 3543 .
252 3481 315 3553 tir
332 3476 495 3559 Romani·
512 3480 624 3571 prima
646 3479 691 3553 ad
711 3478 920 3573 Corinthios
938 3476 1088 3575 epistola
1111 3480 1295 3555 communi
1311 3478 1484 3553 consensu
1504 3477 1712 3554 authentica

266 3576 364 3651 idem
378 3576 536 3653 tollatur.
615 3582 667 3658 uir
686 3578 828 3652 dubitet
845 3580 966 3653 litibus
984 3584 1049 3671 per
1063 3578 1206 3651 illorum
1220 3582 1291 3670 J'am
1306 3588 1510 3670 temporum
1523 3577 1714 3651 haereticor

268 3674 361 3769 saepe
384 3679 520 3751 exortia
534 3678 576 3749 ad
629 3675 836 3771 postolicam
853 3676 945 3750 Petri
964 3674 1176 3748 Cathedram
1194 3672 1372 3748 recursum
1389 3674 1616 3767 frequentius
1634 3673 1717 3768 fuss·

268 3770 327 3865 se,
342 3772 375 3845 dt
390 3774 475 3847 inde
492 3776 638 3850 decreta
658 3774 856 3850 emanasse?
892 3772 1025 3845 Praeter
1042 3772 1120 3855 illas
1131 3769 1405 3849 Corinthiorum
1422 3788 1549 3851 contra
1565 3773 1714 3869 Presby-

266 3888 389 3960 teroa,
405 3872 642 3952 Asiaticorum
659 3873 705 3948 de
719 3872 903 3963 Paschate,
914 3870 1170 3949 Africanorum
1184 3870 1231 3947 de
1241 3872 1419 3970 Baptismo
1427 3860 1714 3968 controversas,

145 3968 150 3978 ’
218 4062 224 4071 ,
267 3958 1715 4069 satnotaestcaussassasrlidis&MartialisEpiscoporumin'Hispa‘niadepofitoa

267 4092 368 4165 rum,
384 4092 462 4166 qum
478 4089 553 4147 non
570 4070 682 4146 solum
696 4071 741 4143 ad
760 4073 901 4144 uicinos
913 4070 1141 4162 Gallicanos,
1159 4073 1219 4149 sed
1233 4072 1268 4145 dr
1284 4072 1499 4160 Asticanos,
1515 4088 1623 4163 atque
1640 4070 1710 4146 Ita·

266 4174 323 4248 lor
351 4186 544 4267 propagata
569 4168 734 4245 excitam
758 4168 888 4246 dissidia
915 4170 1060 4245 videtur
1083 4170 1143 4243 diu
1161 4191 1237 4246 non
1255 4172 1428 4246 extindla:
1453 4172 1537 4246 hinc
1557 4170 1707 4247 sorsrtan

268 4285 329 4349 tot
342 4268 556 4347 Pontificum
570 4268 712 4347 decretu
728 4272 764 4347 in
781 4268 988 4369 Hispanias,
1002 4268 1157 4359 Gallias,
1169 4274 1325 4364 aliasque
1338 4273 1565 4366 provincias,
1579 4286 1620 4345 ut
1631 4269 1706 4345 Sto»

269 4372 401 4467 phani‚
424 4368 523 4463 Xysti
541 4370 594 4461 li,
613 4369 774 4467 Dionysii
782 4368 961 4464 ,·Felicis‚
984 4369 1220 4463 Eutychiani,
1252 4366 1361 4463 usque
1384 4371 1430 4444 ad
1450 4368 1706 4451 Melchiadem.

270 4471 441 4543 Acriores
454 4467 576 4561 postea
589 4490 653 4563 per
669 4468 825 4563 Arianos
841 4470 1014 4545 excitatas
1026 4468 1128 4545 fuisse
1141 4468 1431 4555 orthodoxorum
1446 4468 1707 4565 Episcoporum

267 4566 535 4665 persecutiones
551 4566 869 4658 abunde'constat,
892 4583 935 4661 ut
950 4570 1032 4645 sane
1045 4568 1268 4643 occasionem
1286 4568 1451 4645 dederint
1467 4568 1626 4662 epistolis
1642 4568 1715 4642 sub'

266 4666 478 4762 Sylvestro,
499 4668 650 4756 Marco,
663 4670 782 4763 Julio,
802 4667 870 4741 Lib
878 4670 972 4743 erio:
1004 4690 1083 4763 qua
1106 4668 1202 4767 gesta
1220 4667 1385 4742 historica
1404 4689 1570 4766 magnum
1587 4668 1710 4743 forent

267 4781 511 4863 argumentum
532 4788 598 4859 pro
617 4765 845 4843 defendenda
862 4766 1107 4842 Decretalium
1128 4768 1333 4854 authentia3
1358 4765 1420 4841 sed
1445 4768 1517 4840 boc
1539 4788 1618 4842 non
1637 4766 1707 4857 esi,

267 4866 367 4957 quod
380 4864 556 4961 intendo,
567 4868 672 4970 ‚dicar
689 4888 780 4971 pace
792 4885 874 4949 mea
892 4866 1206 4969 reindueretur,
1224 4866 1553 4949 velunuinosalna
1566 4866 1710 5044 bertho-

466 5032 470 5041 ,
649 4996 651 5002 ⁴
979 5026 984 5033 .
1138 5034 1146 5039 .
1326 4994 1346 5000 “
1560 4987 1592 5045 tr
1617 4982 1659 5043 ur

1889 2281 1892 2488 l
