3942 6134
689 1018 1155 1116 'en-nu·-
1445 1066 1657 1151 ¹,m

265 1208 455 1317 affensum,
480 1223 565 1319 quin
583 1222 727 1301 sitorum
749 1196 982 1295 fundamenta
999 1216 1062 1287 vei
1083 1217 1121 1291 io
1140 1215 1274 1295 scriniis
1293 1217 1361 1299 snit
1380 1220 1618 1323 discuterent,
1642 1233 1706 1309 vei
1837 1196 1842 1201 ¹

265 1332 418 1423 puhlicis
438 1346 483 1399 ex
504 1322 730 1397 documentis
777 1312 929 1411 eripeeta
953 1314 1153 1405 haberent3
1177 1336 1255 1395 nou
1276 1320 1464 1421 hominen,
1485 1325 1551 1405 sed
1565 1330 1706 1407 austrea
1810 1383 1813 1392 ,

263 1430 415 1529 interra
436 1438 524 1497 tunc
544 1418 697 1495 extitisse
775 1434 892 1505 rmer,
918 1410 1060 1488 necesse
1083 1408 1146 1486 est.

880 1641 885 1656 r
950 1656 963 1683 Ο
994 1610 1020 1677 2
1054 1654 1067 1680 ο

381 1741 384 1753 '
415 1730 505 1809 Non
531 1732 643 1807 solum
667 1710 785 1807 autem
814 1586 976 1817 inscitiff,
1017 1610 1074 1803 s9ed
1099 1727 1170 1819 jam
1194 1746 1271 1802 non
1297 1724 1535 1807 diffimuianda
1558 1742 1709 1828 ampiiua

270 1833 390 1913 cordia
411 1830 544 1907 malitia
562 1834 612 1903 iiii
635 1848 788 1927 peccaut
809 1824 1064 1903 Pseudocritici
1084 1825 1272 1914 hodierni,
1309 1830 1369 1915 qui
1391 1832 1427 1902 in
1449 1844 1552 1904 tanto
1574 1842 1711 1925 pericu·

269 1935 310 2010 io
334 1929 524 2026 perdendo
550 1924 635 2003 fidei
662 1926 870 2018 catholica,
906 1926 945 2001 io
969 1944 1046 2015 quo
1063 1943 1164 1997 nunc
1187 1922 1306 1997 nostra
1325 1921 1515 2001 Germania
1540 1932 1713 2023 versatur,

271 2028 482 2127 persuadere
505 2026 655 2107 incautis
680 2022 845 2119 student,
875 2021 1054 2099 malitioso
1077 2020 1227 2095 cunssiio
1249 2020 1295 2095 ad
1317 2020 1598 2115 ampiifimndam
1619 2036 1724 2107 nitra·
1777 2034 1784 2041 ’
1873 2022 1886 2113 J

270 2129 416 2207 nativos
435 2126 579 2213 limitet,
605 2121 812 2215 &synodis
830 2114 1112 2217 prouincialibua
1125 2119 1420 2211 anteponendam
1430 2122 1636 2214 apostolice
1651 2128 1716 2202 Se·

272 2228 326 2301 dia
349 2224 604 2303 authoritatem
634 2222 710 2298 ilias
735 2220 934 2321 decretales
959 2218 1154 2313 priscorum
1181 2197 1395 2293 henoticum
1420 2220 1586 2313 epistolar
1610 2224 1716 2301 fuine

271 2322 443 2399 conficiat
462 2344 483 2395 a
504 2320 659 2411 quodam
684 2316 842 2407 falsario,
867 2314 1311 2403 sensnum-Germano,
1337 2314 1397 2389 seu
1414 2314 1605 2409 Romano,
1630 2344 1714 2417 pro·

272 2433 315 2495 ut
336 2435 464 2494 contra
482 2418 644 2492 omnium
669 2432 753 2489 ante
770 2415 805 2490 se
826 2414 985 2503 sensum,
1011 2417 1115 2489 nuiio
1134 2412 1276 2506 prorsus
1297 2434 1343 2501 ex
1363 2414 1625 2509 fundamento,
1649 2419 1716 2495 nisi

275 2518 436 2614 malignae
454 2516 568 2590 solutu
580 2512 805 2605 suspicionis,
830 2512 1032 2589 Febrooiut
1046 2510 1125 2607 ipso
1141 2510 1333 2587 Calvinisia
1349 2512 1543 2587 Biondeiio
1558 2517 1717 2608 iniquior

276 2614 569 2689 calumniabitur.
618 2610 757 2700 Mentis
777 2610 1089 2707 suae.ptoposttum
1103 2608 1284 2698 sudores,
1303 2611 1461 2701 quiaquia
1479 2611 1624 2694 demum
1642 2615 1722 2689 suo

271 2714 341 2801 rit,
375 2710 468 2785 haud
490 2708 650 2798 celabat,
683 2712 919 2798 nequeenim
944 2710 1085 2780 celandi
1109 2708 1285 2779 rationem
1305 2704 1481 2797 habebat,
1514 2708 1573 2784 sed
1594 2730 1726 2805 aperta
1796 2725 1805 2737 ’

276 2810 400 2885 fronte
420 2810 470 2881 ita
489 2814 524 2881 t'n
540 2802 735 2895 Prcfatirne
755 2804 908 2895 scripsit:
933 2806 1153 2900 „Quatenus
1171 2801 1394 2873 ecclesiastici
1415 2806 1551 2879 ordinis
1569 2808 1722 2905 discipli·

276 2928 351 3001 „oa
372 2909 408 2981 in
434 2922 544 2977 uuum
568 2921 588 2971 a
612 2900 719 2971 nobit
745 2900 888 2988 coatia,
922 2907 1031 2989 atqtte
1053 2894 1205 2991 digesta,
1239 2897 1395 2971 &santii
1414 2896 1579 2977 Presulet
1603 2925 1718 2997 pater·

275 3008 358 3099 „nia
380 3000 605 3076 instituantur
625 2995 779 3091 regulis,
821 2996 856 3068 dr
876 2994 1091 3070 obedienter
1113 2992 1279 3067 Ecclesia
1300 2992 1478 3089 minr'stri,
1506 3002 1569 3073 vel
1593 3006 1722 3097 populi

276 3098 540 3197 „spiritualibus
584 3095 789 3186 imbuantur
836 3092 1042 3187 exemplis,
1106 3092 1142 3165 dt
1186 3112 1262 3166 uon
1309 3096 1486 3174 maiorum
1531 3097 1722 3177 hominum

85 3276 88 3283 .
182 3288 184 3291 ¹
276 3194 539 3291 „pravitatibus
574 3184 806 3284 decipiantur.
883 3194 967 3267 NB.
993 3190 1104 3265 Musti
1140 3191 1235 3261 enirn
1273 3195 1474 3286 pravitate,
1516 3196 1551 3269 dt
1587 3199 1724 3291 cupidi·
1792 3211 1797 3224 ¹

274 3312 383 3389 „tate
419 3286 574 3385 depteffi'
597 3290 799 3363 accusantes
826 3289 1040 3366 Sacerdotes
1069 3286 1360 3382 oppresserunt.“
1403 3288 1500 3369 Tum
1528 3289 1652 3369 multia
1682 3298 1722 3373 in

281 3414 370 3479 cot,
403 3390 436 3463 dr
458 3388 586 3461 aeriter
605 3388 810 3473 invehitur,
840 3390 900 3479 qui
923 3386 1122 3480 Episcopus
1141 3390 1302 3459 accusare
1320 3388 1476 3495 audent,
1506 3396 1594 3486 etse
1607 3410 1666 3487 per
1685 3400 1724 3469 ii·

137 3524 140 3532 >
283 3496 328 3565 ht
346 3490 507 3580 excusent,
532 3491 585 3559 oei
606 3508 711 3557 torum
731 3488 819 3561 ionis
837 3491 996 3572 ditentur,
1024 3483 1183 3576 iiiudque
1206 3486 1359 3558 maxime
1381 3505 1505 3583 urget,
1526 3489 1626 3580 quod
1648 3510 1725 3565 cer·

149 3578 155 3587 ”
281 3602 320 3661 te
340 3583 553 3679 Justiffimum
575 3580 647 3671 est,
681 3595 757 3656 noo
778 3583 876 3676 posse
897 3582 1097 3677 Episcopoa
1118 3584 1198 3677 cogi
1219 3581 1469 3659 addicendam
1493 3586 1664 3679 caussam,
1695 3589 1726 3667 u

282 3686 418 3761 suerint
440 3684 546 3757 rebus
567 3682 635 3755 suia
653 3680 813 3772 spoliati,
847 3686 905 3756 vel
927 3681 1037 3777 gradu
1059 3681 1207 3783 dejecti,
1237 3678 1346 3753 suave
1364 3703 1385 3754 a
1406 3682 1499 3757 Sede
1518 3685 1629 3778 pato,
1658 3686 1725 3765 ota

282 3785 379 3876 prius
400 3780 548 3854 restituti
575 3778 732 3869 suerint3
762 3778 931 3873 additque
951 3780 1127 3869 nonnuiia
1149 3778 1195 3850 de
1216 3776 1499 3871 accusatoribus,
1533 3784 1568 3855 dr
1588 3784 1726 3861 accusa·

284 3880 445 3953 tionibus
469 3874 683 3965 rejiciendis.
737 3874 826 3952 Cum
856 3898 943 3972 ergo
969 3874 1174 3972 apostolicae
1196 3875 1297 3949 Sedit
1324 3880 1577 3956 authoritatem
1605 3884 1727 3975 predi·

184 3988 187 3994 '
285 3992 362 4065 cat,
400 3997 446 4047 eo
468 3976 587 4047 omnia
608 3972 740 4065 resert,
778 3990 817 4047 ut
837 3972 1028 4069 Episcopi,
1063 3971 1143 4049 fise
1163 3973 1468 4069 accusationibus,
1505 3974 1726 4071 scu'judiciit

285 4090 453 4173 gravmm
477 4070 651 4160 sentiant,
678 4070 721 4143 ad
743 4072 837 4145 iilam
858 4072 1069 4167 confugiant
1092 4075 1286 4168 supremam
1306 4070 1541 4163 cathedram,
1567 4096 1644 4167 qne
1661 4070 1727 4171 Sy·
1835 4109 1840 4120 1

223 4210 234 4231 ·
283 4173 464 4247 nodorum
488 4169 677 4244 sententiat
698 4170 907 4261 retractate,
932 4173 1117 4263 irritasque
1137 4170 1289 4245 reddere
1310 4171 1433 4265 pnffit3
1459 4176 1587 4263 quibua
1609 4174 1725 4249 omni·
1865 4213 1869 4219 ·
1927 4201 1928 4218 ³

285 4274 352 4345 bus
372 4273 487 4362 paiam
507 4264 696 4363 stgnificat,
722 4267 756 4340 se
775 4290 849 4343 non
870 4268 906 4342 in
929 4271 1065 4343 romani
1087 4264 1293 4358 Pontificio,
1318 4270 1377 4343 sed
1399 4276 1504 4383 unjce
1524 4273 1562 4343 in
1583 4266 1727 4361 Episco·
1808 4333 1824 4364 ,

285 4385 414 4461 porum
432 4369 576 4460 gratiam
593 4366 688 4451 suam
704 4360 867 4441 'formasse'
885 4364 1162 4443 collectionem.
1209 4364 1342 4459 Neque
1358 4368 1393 4439 id
1411 4384 1619 4463 rgnorarunt
1632 4366 1727 4445 'tuuc

285 4462 479 4556 Episcopi,
514 4478 638 4559 magna
658 4470 894 4541 veneratione
913 4466 988 4539 haec
1011 4466 1153 4541 decreta
1173 4468 1348 4559 amplexi,
1390 4486 1508 4558 neque
1528 4466 1725 4543 hodiedum

286 4560 430 4654 possunt
449 4560 631 4654 ignorare,
658 4562 928 4661 quibuscunque
946 4566 1080 4640 artibus
1097 4563 1288 4645 Curiaiissa
1306 4566 1586 4661 metropolitani
1600 4564 1727 4642 sucum

139 4682 142 4689 ·
283 4658 405 4735 iacere
424 4659 634 4734 allaborent.
704 4766 707 4771 Ι
1801 4685 1807 4695 ·

917 4850 1088 4982 uoo‘r
1571 4910 1680 5002 §eqo

290 5000 347 5056 :m
441 5034 444 5042 ¹

1926 4885 1928 4974 i
