3942 6134
333 1083 406 1179 360
828 1095 1177 1165 *me-f·-
1252 1160 1254 1165 .

219 1351 222 1356 ,
285 1245 429 1366 „mania
440 1257 629 1350 vlrucusqua
646 1226 807 1328 iniudito
825 1238 1076 1350 suscipiantur:
1109 1253 1185 1330 boe
1203 1253 1299 1330 euim
1315 1249 1429 1328 modo
1446 1250 1479 1329 dr
1494 1253 1726 1354 Pontificum,

286 1363 350 1462 „&
366 1358 623 1455 Episcoporum
639 1351 943 1446 jurisdidiionem,
981 1354 1016 1426 tr
1034 1372 1179 1456 orppem
1198 1351 1364 1428 Ecclesiae
1384 1357 1585 1434 libertatem
1609 1365 1740 1437 everti·

286 1459 492 1559 „agnosco,
516 1455 550 1532 dc
566 1455 679 1546 palam
699 1450 895 1548 profiteor,
921 1453 956 1524 dt
975 1455 1119 1546 penitus
1136 1454 1356 1533 abominon
1384 1451 1546 1552 Longius
1564 1458 1649 1532 esset
1666 1460 1728 1534 hic

286 1577 500 1657 „ensrrare,
538 1553 622 1644 quid
641 1550 789 1645 desuper
809 1557 844 1625 in
862 1549 957 1624 Aula
980 1550 1126 1637 caesarea
1141 1553 1211 1645 jam
1230 1555 1381 1648 egerim,
1416 1553 1730 1650 &persuasurus

287 1661 388 1757 „firm
438 1650 679 1728 constitutum
700 1652 785 1724 mihi
807 1651 952 1744 insuperv
969 1649 1041 1740 est,
1067 1653 1322 1752 quamprimum
1342 1649 1402 1725 sub
1421 1652 1638 1730 severissimis
1658 1679 1730 1749 poe·

286 1762 371 1856 „nis
392 1753 560 1829 omnibus
579 1747 815 1842 interdicere,
848 1769 896 1829 ne
920 1750 1097 1842 ejusmodi
1119 1749 1278 1841 recursus
1299 1749 1344 1821 ad
1361 1749 1754 1833 Brachium-seculare.

226 1901 228 1906 ·
285 1855 466 1953 „omnino
488 1852 660 1936 habeant,
686 1847 973 1940 habentibusque
995 1849 1239 1944 consentiant,
1266 1847 1525 1946 &confilium
1547 1859 1733 1949 auxilium,

139 2032 145 2042 ,
286 1959 386 2052 „vel
402 1951 574 2034 savorem¹
591 1932 813 2021 exhibeant
846 1943 1000 2020 cessabit
1019 1932 1207 2023 vero'hoc
1228 1948 1527 2042 ipsum'quoque,
1553 1953 1577 2026 sr
1599 1955 1733 2030 saneti.
1784 2011 1791 2023 ,

288 2069 371 2148 „tas
390 2047 532 2132 Vestra„
549 2047 735 2141 dignetur,
775 2045 865 2216 saerfe
894 2043 1019 2144 didam
1036 2045 1201 2122 ‘caussam
1229 2047 1427 2140 spirensem
1452 2045 1531 2130 'fine
1563 2055 1731 2149 longiore

287 2168 417 2252 „mora
437 2153 474 2222 ln
495 2145 722 2220 Germaniam
745 2165 807 2220 rno
832 2143 981 2239 usupra
1004 2145 1100 2235 disto
1122 2149 1327 2241 remittere,
1370 2145 1477 2236 seque
1491 2163 1599 2242 ⁸tanta
1619 2158 1733 2228 mule·

132 2329 137 2334 .
273 2251 379 2347 'mssa
405 2250 565 2322 liberare.
619 2240 742 2319 Primis
768 2236 866 2322 libre
892 2245 939 2320 in'
956 2245 1223 2320 eademnam
1242 2241 1293 2317 'a'd
1311 2237 1731 2336 sanititatem'Vestram

287 2349 442 2446 ,ditteris
473 2346 510 2418 id
538 2361 650 2442 rogo,
684 2339 943 2420 &Sanditatis
961 2341 1098 2418 Vestrae
1123 2348 1233 2439 pedes
1260 2343 1469 2418 exosculans
1498 2349 1730 2445 apostolicam

286 2443 609 2548 „submissionem
625 2443 731 2537 milri,
757 2442 791 2516 dt
807 2445 902 2544 gregi
920 2443 1107 2522 commisso
1122 2445 1271 2544 supplex
1288 2443 1488 2543 efflagito.“
1523 2491 1530 2506 ·

885 2733 891 2760 2
932 2659 974 2780 i.
1008 2681 1081 2782 14.
1312 2750 1317 2764 .
1353 2762 1377 2772 ,,
1516 2764 1521 2770 ,

269 2886 274 2896 ,
436 2807 540 2892 Plura
536 2803 637 3004 gant
654 2801 797 2901 quidem
811 2805 848 2900 in
863 2803 917 2882 his
933 2805 1076 2884 duobus
1091 2792 1320 2906 dopum'entis
1329 2799 1528 2907 poviffimia
1539 2829 1661 2903 eque,
1685 2830 1728 2908 ap

288 2909 518 3001 decretoriis,
585 2931 613 2982 m
628 2907 672 2982 ad
688 2910 857 2984 trutinam
873 2909 1005 3000 mentis
1023 2909 1182 3004 singulari
1199 2909 1399 2982 reflexione
1413 2912 1576 2982 revocari
1591 2930 1727 2996 meren·

286 3027 365 3090 tur:
391 3012 504 3086 nolim
525 3025 645 3083 tamen
664 3029 732 3104 ego
757 3008 914 3082 criticam
937 3009 1008 3084 mei
1030 3007 1135 3104 ipsius
1156 3005 1498 3082 animadversronem
1514 3008 1725 3106 adjungere,

282 3127 404 3202 totum
418 3105 561 3182 Ledlori
570 3108 743 3201 judicium
761 3105 965 3195 territurus,
988 3122 1126 3183 tantum
1144 3127 1257 3197 vero,
1273 3127 1351 3198 qua
1367 3104 1556 3202 digniffima
1569 3107 1647 3182 sunt
1663 3131 1727 3184 no«

284 3225 377 3301 tatu,
401 3209 517 3294 veluti
533 3210 569 3282 in
581 3201 745 3292 rudiam
766 3201 984 3280 reduuurur.
1034 3228 1121 3302 rma.
1142 3206 1185 3293 ln
1201 3205 1352 3299 Spirensi
1369 3206 1436 3280 bac
1453 3203 1565 3292 caussa
1581 3211 1625 3281 ab
1643 3229 1727 3299 una,

286 3313 467 3401 alteraque
485 3323 585 3401 parte
606 3307 651 3382 ad
663 3307 775 3381 laicos
790 3305 931 3398 judices
947 3307 1128 3398 recursus,
1154 3305 1186 3377 dt
1205 3303 1341 3379 diversa
1353 3306 1481 3380 horum
1490 3302 1725 3404 judicumde·

285 3405 552 3500 cretasrebant,
579 3409 892 3500 atqueauiasmris
913 3407 1089 3481 canantius
1097 3407 1276 3502 prescripta
1287 3406 1466 3502 litigantes
1478 3401 1647 3480 Germani
1663 3403 1727 3484 dis·

226 3527 230 3534 ’
285 3506 477 3580 cedebant.
533 3507 602 3580 ado.
625 3505 685 3578 Ab
710 3506 983 3577 interlocutoria
1006 3509 1126 3600 primm
1147 3503 1337 3595 instantias,
1357 3501 1516 3599 tamqamm
1538 3514 1725 3599 gravamina

283 3609 482 3706 irreparabili
496 3600 699 3697 Capitulum
712 3603 916 3676 cathedrale
931 3624 1094 3676 unacum
1112 3602 1175 3675 suo
1190 3596 1370 3700 Episcopo
1383 3605 1426 3676 ad
1441 3605 1594 3678 tribunal
1611 3603 1726 3679 Curia

283 3723 442 3778 romanae
459 3705 671 3796 appellabat.
714 3708 780 3794 gria
797 3699 992 3774 Recursum
1007 3704 1197 3794 apartibus
1214 3701 1261 3782 ad,
1276 3701 1441 3777 secularia
1458 3701 1725 3798 imperii'tribu·

277 3801 375 3880 italia
391 3800 518 3876 sodium
533 3819 643 3875 vocat
652 3799 951 3898 Archiepiscopus
961 3797 1200 3896 Mogontinus
1211 3799 1367 3898 pefflmam
1380 3807 1574 3898 exemplum,
1590 3828 1626 3878 ac
1637 3812 1723 3899 lgna

282 3919 352 3978 lum
364 3899 514 3998 durusque
528 3908 562 3976 ia
578 3897 769 3990 Germania,
813 3897 868 3990 rifi
875 3895 967 3992 fieret
982 3905 1036 3976 uel
1054 3903 1269 3996 temporalium
1283 3910 1467 3998 praetentu.⁴
1497 3898 1565 3993 4t'o.
1584 3900 1661 3996 lpse
1674 3903 1723 3978 fa·

267 4016 403 4092 tetur,
427 3996 525 4090 quod
539 3998 572 4070 tr
588 3997 837 4086 abominatur,
862 4001 916 4072 lar
935 4001 1022 4074 nuda
1037 4001 1081 4086 sd
1097 3997 1290 4090 Pontificum
1302 4005 1347 4098 ὃ
1360 4000 1580 4098 Episcoparum
1589 4005 1723 4098 jurisdi-

282 4107 411 4178 nimam
423 4100 466 4185 δ’
481 4107 601 4172 omnem
617 4097 759 4188 scelesta
772 4101 944 4172 literarum
956 4107 1068 4174 auerti.
1102 4115 1169 4190 sla.
1185 4097 1366 4176 Promittit
1383 4099 1507 4174 iisdem
1523 4102 1720 4176 recursibus

283 4205 320 4276 in
341 4200 500 4274 futurum
521 4201 618 4274 mariis
635 4199 777 4271 erunibus
791 4197 828 4294 sa
845 4197 1050 4286 abditarum,
1079 4195 1196 4272 &suis
1217 4196 1362 4272 subditis
1379 4197 1595 4274 severisfimls
1608 4203 1720 4308 paenis

282 4297 571 4387 interdisiurum,
599 4322 637 4372 m
655 4299 803 4392 masmadi
817 4295 1019 4392 recursas‘ad
1030 4301 1190 4373 bracilam
1199 4301 1343 4394 seculare
1355 4308 1478 4374 ananim
1496 4303 1647 4390 babeam,
1671 4305 1722 4375 la·

266 4403 480 4493 ⁸domibusque
491 4395 697 4495 consentiam,
716 4395 759 4482 δ’
771 4393 948 4488 confilium,
965 4401 1141 4486 auxilium,
1155 4395 1362 4486 velfaumem
1375 4402 1546 4474 exhibeant.
1572 4406 1640 4475 ota.
1651 4399 1720 4473 Ar·

281 4497 528 4592 chiepiscopus
547 4494 690 4572 Elesior
706 4494 800 4588 apud
815 4491 1028 4571 Pontificem
1045 4517 1231 4571 romanum
1254 4495 1289 4572 se
1307 4512 1434 4594 purgat
1454 4498 1498 4572 de
1508 4500 1719 4594 massaliam,
1871 4552 1877 4563 -

268 4597 380 4690 ,quod
395 4617 558 4686 romanas
575 4597 836 4692 appellationes
853 4591 1075 4687 impedierit,
1093 4593 1286 4688 &quidem
1307 4597 1506 4684 lemiti,
1528 4595 1718 4673 &Littera

162 4753 170 4761 -
229 4691 234 4700 ’
280 4721 354 4772 rum
378 4693 530 4790 Collegii
547 4695 743 4770 eledloralis
764 4695 801 4770 in
824 4695 948 4768 ultima
970 4691 1111 4780 Caesaris
1128 4695 1314 4771 electione.
1345 4716 1437 4787 ,7mn
1457 4693 1578 4793 Negat
1592 4695 1718 4772 Archi·

280 4795 466 4889 episcopua
482 4795 575 4868 hanc
595 4791 857 4870 accusationem
877 4789 946 4866 else
963 4790 1107 4884 iustam:
1124 4795 1287 4870 Manitum
1303 4794 1391 4870 illud
1404 4796 1541 4892 Legata
1555 4791 1716 4870 Palatino

281 4893 466 4986 adscribit,
491 4893 745 4990 Litterarvero
758 4891 964 4991 Eleilorunt
984 4893 1173 4994 collegio,
1190 4913 1269 4998 ,uec
1281 4896 1403 5002 ‚verbo
1420 4895 1478 4992 jus
1497 4914 1716 4972 commemo

1181 5023 1187 5032 ·
1561 5014 1671 5093 „rans
