3942 6134
267 1244 367 1321 oleae
384 1234 514 1332 vagari.
564 1229 624 1306 De
645 1247 692 1302 eo
709 1227 807 1304 enim
828 1247 926 1321 nunc
943 1201 1130 1319 quaritur,
1157 1245 1202 1312 an
1211 1207 1335 1322 saguli
1347 1219 1539 1320 Episcopi,
1564 1242 1674 1320 atquc
1690 1229 1730 1309 in
1879 1275 1880 1320 ,

129 1344 138 1358 ‘
268 1345 349 1437 lege
372 1335 544 1426 uaioosrrli
564 1349 730 1430 umquam
754 1323 949 1421 dispensare
973 1325 1171 1420 potuerint.
1220 1321 1364 1398 Notum
1388 1323 1438 1398 est
1461 1342 1580 1406 autem
1610 1327 1728 1402 exhi.

267 1439 376 1515 storia
396 1432 583 1518 Ecclefiae,
616 1441 699 1500 ante
720 1427 753 1500 S.
773 1423 992 1520 cyprianum
1013 1421 1185 1512 sirmam,
1202 1420 1381 1512 fixamque
1399 1425 1625 1519 'poenitenriae
1644 1448 1730 1500 nor·

267 1523 385 1626 maur,
424 1532 589 1626 &legem
607 1524 842 1600 universalem
865 1523 1026 1596 nondum
1049 1521 1223 1612 extitisse,
1267 1526 1304 1598 in
1327 1543 1395 1614 qua
1413 1521 1670 1601 A'rrteccisores
1687 1529 1729 1599 il·

269 1640 339 1713 lius
370 1629 564 1726 dispensare
592 1623 798 1720 potuissent.
849 1622 884 1693 Si
915 1641 1006 1694 vero
1034 1619 1127 1694 circa
1158 1625 1404 1713 particularem
1437 1622 1504 1696 sua
1526 1619 1727 1698 Provi'ncjae

271 1733 488 1828 disciplinam
513 1724 703 1818 quidquam
727 1720 988 1812 relaxaverint,
1026 1721 1103 1812 quis
1132 1720 1202 1812 est,
1227 1724 1298 1814 qui
1324 1721 1358 1792 id
1380 1724 1468 1814 juris
1494 1744 1606 1814 penes
1633 1726 1727 1816 ipsos

271 1833 373 1910 ΜΕ
391 1823 523 1926 neget?
558 1844 667 1916 penes
685 1820 800 1915 ipsos,
833 1820 996 1912 inquam,
1031 1821 1102 1892 ¹100
1120 1819 1191 1909 est,
1227 1821 1260 1893 S.
1273 1817 1440 1914 Cypriani
1457 1821 1730 1914 Antecessores,

273 1921 565 2026 Carthaginenses
583 1919 897 2014 Archiepiscopoc,
924 1919 1037 1992 totius
1054 1917 1187 1992 Asricae
1204 1915 1395 2010 Primates,
1421 1921 1456 1992 in
1477 1919 1628 2016 synodo
1645 1941 1729 2001 cum

272 2030 341 2108 suis
359 2019 595 2121 suffraganeis
615 2035 863 2118 congregatos.
918 2016 1018 2118 Quid
1038 2017 1122 2092 inde
1136 2019 1224 2111 juris
1246 2018 1412 2092 accrescit
1431 2017 1569 2114 singulis
1588 2018 1733 2113 Episco,

274 2128 359 2228 pisi
396 2119 625 2219 Nansanaa
648 2121 708 2191 illa
732 2135 896 2224 tempopa
917 2115 1080 2206 docent,
1122 2139 1190 2190 nec
1212 2127 1339 2190 contra
1361 2120 1607 2211 particularem
1632 2120 1730 2193 disci·

274 2235 406 2325 plinam
428 2222 616 2315 quidquam
637 2223 681 2290 ab
702 2215 888 2310 Episcopis
910 2215 1140 2309 singularibus
1165 2231 1406 2307 attentatum,
1445 2215 1502 2291 sed
1526 2217 1732 2310 hujusmodi

275 2349 333 2404 res
358 2349 377 2398 a
400 2317 620 2403 Patriarcha,
654 2317 712 2388 vel
740 2313 892 2388 Primate
921 2329 1127 2388 convocata
1152 2318 1189 2388 in
1212 2315 1361 2407 Synodn
1388 2317 1601 2408 provinciali
1628 2311 1730 2392 fuisse

161 2413 178 2428 ⁸
277 2425 479 2509 ordinatas,
518 2438 587 2491 nec
608 2414 720 2490 solum
745 2417 783 2488 in
810 2412 1025 2506 prouinciali
1050 2413 1201 2504 synodo
1223 2413 1424 2500 ordinatas,
1459 2419 1732 2511 verumetiam,

276 2541 319 2602 ut
337 2517 552 2620 &Cypriani
576 2515 741 2628 cuempla
764 2512 907 2588 abunde
928 2511 1195 2608 demonstrant,
1233 2536 1316 2590 cum
1338 2510 1536 2610 apostolica
1550 2511 1644 2591 Petri
1664 2514 1732 2592 Ca·

279 2623 408 2700 thedm
429 2627 723 2694 communicatas.
935 2641 939 2650 ·

943 2757 1115 2904 sas(

374 2980 379 2987 ·
424 2937 486 3014 Ab
506 2925 583 3032 ipso
604 2944 723 3008 autern
741 2927 1073 3026 &cypriano‘dara
1094 2897 1305 3026 dispensatio
1323 2935 1506 3031 allegatur.
1561 2933 1652 3012 Cum
1670 2957 1734 3012 no·
1879 2927 1880 2944 Ν

278 3065 326 3120 va
343 3039 491 3118 instaret
509 3033 589 3132 post
610 3038 758 3110 brevem
778 3053 901 3125 pacem
919 3028 1086 3107 Ecclesrae
1106 3031 1331 3126 persecutio,
1370 3033 1404 3108 S.
1418 3025 1616 3130 Cyprianua
1635 3037 1734 3112 seve·

277 3147 411 3218 riorem
446 3141 542 3217 illam
566 3140 741 3232 generalem
766 3134 903 3228 legem,
948 3147 991 3206 ut
1018 3131 1100 3226 lapss
1132 3133 1272 3226 plenam
1299 3152 1444 3228 agerent
1474 3140 1735 3231 paenitentiam,

279 3240 506 3318 relaxandam
525 3235 682 3326 censuit,
708 3233 945 3325 decrevitque
967 3231 1117 3308 dandam
1141 3230 1211 3306 effe
1236 3232 1491 3328 penitentibus
1512 3257 1666 3328 pacem,
1682 3250 1735 3310 et.
1878 3293 1879 3312 .

280 3341 486 3418 sinendum
504 3339 657 3428 expleto
671 3350 864 3424 tempore,
909 3344 950 3402 ut
969 3333 1012 3403 ad
1031 3331 1219 3410 imminent
1238 3335 1459 3424 pralium-eo
1476 3333 1608 3414 fortius
1625 3357 1733 3408 arma·
1878 3365 1879 3412 r

280 3457 417 3515 rentur.
468 3435 622 3510 Concilii
648 3432 715 3506 lrac
737 3433 842 3522 super
866 3452 905 3503 re
926 3429 1037 3506 habiti
1059 3432 1272 3513 relationem
1297 3431 1340 3506 ad
1365 3431 1572 3512 Cornelium
1592 3434 1627 3506 Ρ.
1654 3435 1734 3529 ipsrr
1772 3491 1782 3504 .

282 3535 453 3632 Cypriani
470 3537 591 3606 verbis
612 3529 793 3604 audiamus
819 3526 884 3623 *):
922 3528 1005 3617 „Ut
1023 3551 1149 3602 ornnes
1165 3533 1316 3604 omnino
1332 3535 1462 3605 milites
1480 3531 1632 3622 Christi,
1674 3537 1733 3626 qui

282 3657 406 3730 „arma
426 3632 644 3714 desiderant,
670 3629 703 3698 dt
723 3630 879 3721 pralium
897 3626 1081 3728 flagitant,
1109 3630 1200 3700 intra
1222 3627 1329 3703 castra
1347 3631 1495 3709 Domini
1513 3637 1734 3728 colligamus,

223 3738 229 3750 '
283 3734 477 3830 „necesitate
492 3741 616 3823 cogenti
633 3728 859 3813 censuimus,
896 3727 977 3814 eis„
1015 3727 1073 3816 qai
1091 3726 1136 3798 de
1154 3726 1309 3802 Ecclesia
1326 3727 1474 3812 Domini
1493 3753 1568 3806 non
1588 3731 1735 3806 recesse-

284 3850 419 3928 „runt,
444 3827 502 3902 sed
524 3830 769 3920 paenitentiam
792 3845 919 3921 agere,
946 3823 1206 3914 elementari,
1233 3849 1274 3899 ac
1291 3828 1489 3902 Dominum
1511 3831 1696 3923 deprecari
1717 3853 1736 3906 a
1877 3883 1878 3900 .

283 3934 429 4029 „primo
448 3925 562 4022 lapsus
582 3925 632 3997 sui
649 3924 708 3996 die
724 3945 800 3997 non
819 3919 1052 4016 destiterunt,
1095 3929 1228 4018 paceni
1243 3926 1397 4001 dandam
1414 3929 1507 4016 esse,
1551 3915 1756 4022 &eosad
1877 3929 1878 3948 ¹

145 4047 155 4061 =
285 4034 495 4128 „pralium
532 4023 629 4116 quod
650 4026 834 4113 imminet,
869 4025 1015 4118 armari,
1051 4023 1222 4115 &instrui
1242 4037 1425 4120 oportere.
1474 4029 1737 4122 Obtemperan·

283 4134 395 4227 „dum
415 4126 636 4216 estnamque
652 4121 936 4210 ostensionibus,
975 4123 1543 4220 atqueadmonitionibnsjustis,
1580 4145 1657 4202 ura
1677 4129 1737 4202 Pa.

283 4233 464 4325 „storibus
488 4245 581 4296 oves
605 4225 641 4294 in
671 4225 833 4312 periculo
858 4241 935 4293 non
961 4219 1185 4314 deserantur,
1223 4219 1280 4294 sed
1305 4245 1389 4320 grex
1417 4231 1532 4300 omnis
1561 4230 1598 4301 in
1625 4247 1738 4301 unum

160 4393 172 4410 ,
284 4341 570 4425 „congregetnr,
608 4322 839 4392 &exercitus
862 4320 1010 4391 Domini
1032 4317 1074 4392 ad
1096 4337 1276 4396 certamen
1300 4325 1435 4398 militiae
1458 4323 1739 4400 maledicum·
1876 4339 1877 4406 i

283 4445 381 4522 „tun
435 4425 571 4500 Merito
593 4421 687 4493 enim
711 4419 917 4491 trahebatur
941 4419 1142 4492 dolentium
1167 4425 1377 4512 poenitentia
1407 4443 1573 4517 ternpore
1600 4427 1738 4522 longio-

283 4549 371 4622 „re,
398 4535 439 4595 ut
453 4519 599 4594 infirmis
615 4522 652 4591 in
671 4520 769 4590 exitu
789 4517 1059 4606 subveniretur,
1084 4524 1233 4613 quamdiu
1252 4529 1362 4614 quiet,
1388 4527 1432 4607 ὅ
1449 4529 1668 4620 tranquillitas
1688 4527 1738 4602 ud·

284 4641 400 4720 „erot,
425 4641 503 4712 quae
520 4617 664 4690 differre
680 4617 739 4688 diu
759 4618 1003 4710 plangentium
1022 4619 1202 4709 lacrimas,
1230 4619 1262 4690 dr
1281 4620 1469 4694 subvenire
1490 4623 1567 4704 sero
1585 4626 1738 4696 morien·

179 4771 189 4780 -
284 4729 408 4819 „tibus
428 4716 696 4841 ininfirmitate
709 4728 902 4808 pateretur.
954 4716 1010 4789 At
1026 4727 1117 4792 vero
1134 4737 1230 4796 nuuc
1251 4737 1327 4794 non
1351 4719 1523 4818 infirmis,
1559 4719 1619 4798 sed
1640 4719 1734 4798 forti·

1348 4832 1351 4870 ¹
1558 4822 1560 4826 ’
1592 4825 1690 4915 „bur

285 4919 451 4944 m

363 4976 399 5056 *l
417 4961 508 5049 epra.
525 4993 576 5054 se
