3942 6134
825 1079 1154 1134 ⁸⁸2³·-
1484 1039 1487 1046 ’
1589 1081 1665 1162 rar

267 1239 369 1332 dem,
401 1233 665 1316 &cathedram
688 1228 757 1310 elia
777 1177 997 1320 infallibilem
1018 1199 1258 1338 agnorindr
1278 1239 1315 1314 in
1334 1232 1412 1332 ipso
1431 1233 1636 1318 Conventu
1651 1239 1713 1320 lia·

260 1339 389 1422 ristensr
406 1342 546 1418 nonnisi
564 1357 645 1414 cum
664 1334 730 1412 hnc
747 1333 1006 1430 protestatione
1021 1341 1196 1432 conflenti,
1233 1335 1274 1410 dr
1283 1341 1413 1434 pellica
1428 1337 1624 1434 subscripfit
1638 1341 1713 1422 Der

265 1445 469 1524 curationis
488 1440 569 1514 Art.
582 1459 625 1526 4:
649 1435 727 1514 Nora
740 1433 796 1532 effe
812 1433 1040 1526 irreformabile
1030 1441 1168 1634 ffumrai
1185 1435 1355 1530 Pratifirir
1363 1441 1543 1532 judicium,
1568 1439 1630 1535 rar‘ss
1644 1441 1715 1518 lic.
1737 1463 1743 1474 ·

262 1542 356 1636 tlesse
379 1541 475 1636 (hoc
491 1535 566 1622 eil,
592 1537 775 1629 romanae)
798 1535 954 1632 carfirrfirr
969 1557 1038 1608 aare
1062 1547 1133 1615 rrit.
1186 1534 1226 1612 ld
1245 1536 1436 1610 domestica
1454 1535 1580 1614 Galliae
1601 1539 1715 1616 docu-

260 1652 384 1720 menta
407 1638 453 1712 de
478 1640 529 1710 Μ.
546 1631 720 1710 Bolsueto
742 1632 927 1710 testantur.
980 1627 1101 1710 Plures
1121 1639 1218 1712 enirn
1240 1633 1526 1732 S.Tireologiae,
1564 1639 1712 1734 &Jurie

260 1739 430 1816 canonici
447 1731 631 1812 Dodioree
658 1731 791 1809 Parilia
814 1737 852 1810 in
878 1733 1025 1830 publica
1047 1733 1312 1810 consultatione
1341 1755 1461 1810 coram
1490 1752 1569 1814 tota
1594 1736 1713 1822 Gallie

261 1835 363 1922 suum
386 1836 516 1920 dedere
534 1829 798 1914 testimonium:
825 1834 883 1916 Aa
905 1839 1061 1910 contraire
1079 1832 1153 1910 Mr.
1165 1833 1290 1931 Baffiaer
1310 1837 1470 1929 araajrar
1482 1841 1613 1927 perrara
1631 1844 1711 1924 lau

262 1946 378 2013 irmerrl
403 1931 681 2028 l'r'rrdrfoilliiiiiri
703 1937 738 2008 rie
761 1931 889 2028 l’Eglr'se
913 1937 1054 2026 raraplrae·
1070 1931 1124 2029 *).
1151 1928 1346 2008 Meldenfis
1363 1930 1528 2030 Episcopi
1552 1937 1645 2014 sensa
1666 1939 1714 2028 de

259 2031 434 2111 infallibili
456 2035 674 2107 authoritate
696 2053 853 2107 romane
876 2027 970 2105 Petri
996 2025 1183 2105 cathedra
1209 2055 1254 2104 ex
1278 2034 1430 2125 propriis
1451 2036 1557 2128 ipsius
1575 2035 1712 2132 scriptis

261 2128 323 2211 suo
345 2137 433 2209 loco
454 2136 702 2228 percipiamus.
753 2127 897 2205 interim
920 2129 979 2222 hic
1002 2129 1119 2204 adhuc
1139 2153 1183 2206 ex
1207 2129 1282 2226 ipso
1303 2127 1475 2207 Bolsueto
1497 2137 1712 2230 notandum,

259 2227 357 2330 quod
382 2227 574 2325 nequidem
600 2227 719 2324 quoad
743 2225 926 2308 Pontificio
948 2233 1177 2312 inerrantium
1202 2235 1426 2306 acommuni
1449 2225 1713 2314 catholicorum

259 2333 417 2410 dodirina
445 2327 659 2418 dissenserit,
691 2329 749 2404 sed
773 2351 853 2404 eum
874 2329 936 2404 sub
957 2329 1090 2424 duplici
1119 2329 1277 2426 respediu
1297 2329 1548 2424 consrderarit‚
1581 2335 1642 2410 vel
1670 2349 1713 2412 ut

259 2425 457 2514 notiorem
483 2429 712 2526 universalem,
742 2445 873 2526 nempe
894 2447 963 2526 pro
989 2429 1153 2506 universa
1172 2429 1328 2506 Ecclesia
1354 2425 1440 2504 fidei
1466 2429 1595 2530 dogma
1621 2429 1712 2530 deii,-

260 2535 440 2622 aientem,
465 2525 501 2602 id
527 2527 597 2620 est,
623 2543 664 2603 ut
683 2532 793 2630 vulgo
814 2523 960 2618 dic'unt,
986 2549 1025 2603 ex
1046 2531 1200 2610 cathedra
1217 2535 1411 2628 laqueatam:
1433 2530 1493 2605 vel
1514 2547 1556 2606 ut
1572 2523 1723 2614 Βοὲἶοι,

259 2635 333 2708 r'em
354 2631 607 2730 particularem,
647 2623 690 2701 nd
711 2623 923 2722 questiones
948 2621 1183 2706 Ecclesiarum
1207 2629 1474 2726 particularium
1495 2629 1714 2726 responden·

257 2739 342 2830 ¹terit.
371 2723 531 2808 Tantum
548 2724 622 2807 hoc
633 2725 826 2827 posteriori
845 2729 944 2806 sensu
962 2729 1134 2808 concedit
1145 2723 1475 2830 Barnagio,l’apam
1493 2729 1620 2810 errasse
1631 2727 1710 2834 ii),

928 2897 965 3022 i·
994 2927 1038 3026 a·

408 3045 528 3150 Quam
547 3045 703 3130 vidiorua
725 3047 856 3128 larvati
874 3043 1032 3126 Boss'ueti
1053 2999 1180 3124 malam
1203 3063 1316 3124 artem
1340 3047 1377 3124 ira
1397 3044 1489 3128 statu
1509 3049 1713 3148 quastionip

254 3145 412 3238 satiodole
423 3151 592 3240 inverso,
617 3149 769 3226 eandem
783 3149 860 3224 sere
873 3150 1007 3252 ubique
1019 3149 1056 3220 in
1070 3147 1353 3240 argumentando
1366 3149 1608 3228 observamus.
1628 3197 1632 3204 ·
1657 3149 1715 3252 Ut

253 3249 346 3330 nihil
368 3247 413 3322 de
434 3267 483 3319 eo
499 3245 638 3336 dicatu,
671 3247 771 3340 quod
788 3239 1016 3320 illustrillrnia
1033 3239 1200 3316 Ecclefiae
1217 3245 1462 3318 monumentis
1480 3259 1544 3324 aut
1560 3251 1714 3352 omninp

255 3341 510 3450 praetermissae,
557 3361 619 3420 aut
635 3343 776 3444 nonnisi
792 3344 911 3418 obiter
930 3339 1160 3434 memoratis,
1211 3345 1284 3418 vim
1304 3339 1398 3418 suam
1417 3344 1631 3442 precipuum
1649 3370 1714 3448 po

257 3463 319 3526 nat
339 3443 507 3518 tenebrio
529 3444 567 3516 in
593 3439 838 3518 obscurissimis
859 3437 982 3534 fadis,
1014 3437 1189 3534 ditiisve,
1223 3438 1285 3518 sub
1308 3464 1460 3535 quorum
1480 3447 1626 3522 latebris
1648 3451 1714 3534 vix

256 3549 331 3624 nlla
353 3539 532 3618 Minervae
554 3541 719 3638 lampade
743 3538 955 3618 illustrandis
983 3535 1187 3633 delitescat,
1222 3543 1321 3636 quod
1345 3545 1389 3617 ab
1411 3559 1533 3637 aperta
1553 3543 1714 3634 Bolsueti

257 3641 381 3722 fronte
402 3643 555 3718 maxime
577 3643 771 3729 abhorret;
807 3643 872 3716 vix
894 3660 969 3718 nou
994 3639 1139 3732 omnia,
1178 3657 1362 3736 quotquot
1383 3642 1529 3720 adducit
1551 3669 1596 3724 ex
1617 3645 1714 3738 Corr-

160 3739 165 3750 '
259 3748 350 3822 ciliie
368 3739 628 3817 constantiensi
649 3739 682 3816 dr
701 3737 911 3832 Banreeasr,
939 3741 1066 3816 aliisve
1082 3739 1377 3818 Aurhoriraribua
1396 3763 1627 3840 argumenta,
1653 3772 1712 3836 ex-

261 3857 313 3918 tra
331 3841 431 3917 oleas
450 3839 656 3934 versantur,
697 3859 778 3916 cum
796 3841 866 3915 illae
884 3841 987 3918 nullo
1004 3839 1118 3916 modo
1136 3835 1367 3936 apostolicam
1380 3841 1532 3940 Sedem,
1574 3849 1644 3942 seu¹
1656 3873 1713 3927 ro·

258 3961 397 4020 menam
418 3937 609 4014 Ecclesram
629 3961 710 4014 cum
729 3937 793 4014 suo
801 3937 928 4034 Capite
948 3937 1176 4034 conjundlam
1195 3940 1339 4035 reliquae
1361 3939 1518 4037 dispersa
1529 3937 1710 4054 Ecclesiae,

259 4039 482 4116 Authoritati
500 4037 727 4130 submittant,
753 4037 812 4112 sed
826 4053 963 4112 tantum
979 4035 1165 4114 Pontificio
1173 4041 1336 4138 persarum
1345 4041 1484 4136 judicio
1504 4047 1711 4126 universalia

253 4135 419 4222 Ecclesiae
433 4138 515 4216 NB.
528 4159 604 4213 non
621 4136 793 4235 dispersa,
816 4135 923 4211 sedin
937 4157 1047 4212 unum
1062 4153 1286 4236 congregatae
1298 4143 1413 4216 velint
1428 4143 1496 4220 effe
1511 4143 1709 4240 subjectam.

263 4241 376 4341 Quod
389 4239 433 4312 ad
443 4238 588 4332 scopum
601 4253 738 4312 tantum
751 4257 827 4312 non
838 4235 943 4310 unice
955 4233 1109 4330 spedlare
1119 4235 1277 4330 videtur,
1301 4237 1581 4336 autemnam,
1596 4243 1711 4326 errari.

261 4345 328 4430 tir,
352 4339 518 4430 inquam,
545 4333 712 4432 Cypriani
730 4337 956 4432 exemplum,
982 4338 1042 4428 qui
1059 4357 1135 4413 uon
1155 4335 1271 4412 solum
1287 4337 1471 4438 Stephano
1489 4337 1613 4436 sape,
1650 4337 1711 4436 sed

258 4459 415 4514 romanae
437 4433 601 4532 Ecclesia
625 4435 838 4538 traditioni,
883 4436 1100 4530 aliarumque
1120 4433 1357 4514 Ecclesrarum
1379 4437 1541 4531 expresso
1560 4447 1714 4526 consen·

255 4533 305 4614 sui
326 4535 575 4614 contradicere
597 4553 672 4609 non
694 4535 744 4610 eli
766 4539 924 4629 veritus,
962 4553 1069 4628 quern
1090 4534 1355 4638 &Augustinus
1373 4561 1478 4630 rrarra
1499 4556 1585 4634 rata,
1609 4545 1711 4644 sala

944 4633 968 4712 S
994 4651 1022 4717 2
1198 4737 1201 4742 Ι
1572 4647 1661 4723 inuia

257 4735 924 4760 *με-*ια*

334 4813 367 4892 ⁸)
373 4807 598 4958 „gozsffltjon
614 4807 808 4962 dessplusreutr
822 4809 968 4873 Dofleura
982 4827 1019 4873 en
1034 4809 1226 4898 ‘l'lreologic‚
1246 4804 1277 4874 dt
1292 4824 1329 4874 en
1343 4806 1433 4877 Droir
1446 4827 1552 4892 anon,
1572 4851 1616 4876 -
1635 4824 1711 4902 dell·

308 4907 1120 5068 mnarmaidit'aaaavaaaaaoaaa
1237 5029 1256 5038 --
