3942 6134
830 1093 836 1103 ἱ

769 1121 1119 1168 m'

623 1171 653 1191 ,0

250 1506 254 1514 ,
364 1419 572 1510 Sidenum
597 1421 643 1500 ad
664 1421 880 1502 hodiernam
923 1423 1049 1518 prarin
1077 1419 1376 1520 dispensationum
1414 1423 1682 1524 pontificiarum

216 1519 280 1620 pro
291 1520 378 1614 sorr·
394 1545 519 1600 externo
538 1525 761 1618 attendamus
771 1521 798 1614 ς’
813 1523 1041 1596 inveniemus
1063 1545 1140 1600 carn
1165 1547 1184 1600 a
1207 1526 1374 1604 Concilio
1387 1523 1616 1606 'Tridentino'
1629 1539 1682 1617 ita

218 1619 404 1715 sapienter
424 1624 522 1696 suiffe
543 1625 764 1714 ordinatam,
789 1639 830 1696 ut
848 1621 881 1695 o
900 1622 1051 1710 honori,
1065 1623 1105 1718 ,δι
1126 1623 1247 1700 officio
1266 1625 1446 1735 Ordinarii
1465 1651 1568 1720 quarn
1586 1637 1678 1722 opti-

213 1741 279 1796 me
297 1723 339 1796 srt
355 1721 566 1797 consultum.
605 1723 693 1798 Non
716 1725 811 1798 enim
837 1719 1041 1794 immediate
1064 1743 1127 1814 per
1152 1736 1344 1798 romanam
1351 1727 1482 1800 curiam
1508 1728 1685 1822 dispensa..

217 1823 346 1894 tiones
365 1822 641 1914 conceduntur,
677 1823 734 1898 sod
753 1819 948 1896 Ordinatio
970 1833 1146 1912 tamquam
1168 1821 1367 1917 apostolico
1385 1823 1522 1922 Legato
1551 1828 1681 1920 (quod

216 1919 306 1994 sane
321 1921 475 1994 bonoria
497 1921 579 2017 est)
606 1919 651 1997 ad
673 1925 845 2019 praevium
869 1939 1020 1993 eramen
1041 1917 1343 2022 committuntur,
1376 1945 1421 1998 an
1447 1945 1571 2018 preces
1591 1922 1678 1998 sub·

216 2021 281 2094 vel
304 2024 533 2114 obreptionis
555 2025 650 2096 uitio
677 2045 752 2104 non
773 2021 989 2116 subjapeant
1053 2017 1190 2093 Contra
1209 2022 1232 2096 sr
1256 2025 1439 2116 proprium
1458 2025 1516 2117 jur
1541 2023 1678 2115 dispeu-

213 2119 316 2193 sandi
331 2119 515 2216 Episcopis
539 2125 686 2214 tribuas,
712 2137 917 2199 nontamen
943 2139 963 2188 a
984 2115 1188 2202 neceffitate
1209 2121 1463 2216 frequentioris
1487 2123 1534 2203 ad
1547 2120 1676 2220 Papam

212 2219 379 2294 recursus
399 2221 557 2295 eximere
576 2221 671 2310 haud
695 2221 851 2294 valebis:
878 2239 959 2289 cum
986 2219 1080 2292 enim
1103 2213 1401 2314 dispensationum
1423 2221 1567 2312 canna,
1591 2245 1678 2322 prce·

212 2321 325 2412 cipue
347 2321 662 2396 matrimonialium
683 2341 759 2395 non
785 2339 867 2392 raro
888 2313 1105 2390 difficiliores
1127 2317 1214 2406 siut,
1240 2321 1273 2394 dt
1295 2323 1504 2418 graviorea;
1528 2336 1600 2396 tam
1626 2321 1675 2396 di·

212 2421 307 2490 vino
326 2439 387 2506 Jur
424 2468 437 2507 ,
475 2426 580 2513 qnam
606 2418 836 2513 antiquissima
858 2411 1024 2488 uceieoae
1051 2415 1230 2510 disciplina
1257 2419 1300 2493 ad
1325 2419 1468 2513 Caput,
1501 2420 1560 2494 seu
1576 2417 1675 2498 Petri
1773 2483 1779 2509 ,

211 2515 347 2591 Sedem
413 2540 578 2611 currere,
601 2511 708 2612 atqu'e
725 2518 810 2592 inde
832 2515 958 2612 agendi
975 2535 1135 2591 normam
1159 2533 1283 2609 petere
1305 2517 1445 2594 necesse
1466 2521 1556 2608 erit;
1571 2520 1671 2610 quod

145 2645 153 2656 ·
203 2615 346 2690 ssavo
371 2617 534 2711 sequiore
557 2617 822 2698 satisaecorate
846 2613 966 2690 suisset
988 2613 1237 2708 observatum,
1268 2617 1365 2692 forte
1389 2631 1446 2691 tot
1468 2615 1675 2712 pontificiae

209 2714 480 2793 reservationea
502 2740 581 2794 non
604 2717 827 2794 haberemur.
888 2713 988 2817 Quid
1013 2734 1098 2814 crgo
1123 2715 1249 2788 meiius
1272 2737 1338 2812 pro
1364 2715 1523 2796 fidetium
1548 2713 1672 2810 salute,

210 2813 305 2908 quid
325 2815 464 2914 dignius
486 2820 676 2913 episcopali
699 2837 781 2914 erga
802 2813 982 2902 Matrem,
1019 2815 1052 2888 dt
1078 2811 1276 2986 Μοέἰίῑτειπι
1302 2816 1536 2890 universalem
1560 2815 1676 2889 devo-

208 2918 344 3007 tione,
381 2937 485 3007 quam
506 2921 729 3014 tranquillam
754 2914 944 3012 disciplina
967 2915 1012 2991 ab
1037 2915 1110 3016 Ipsa
1162 2913 1286 3023 eclesia
1310 2913 1522 2992 innocente
1545 2927 1674 2992 tenere

196 3015 511 3092 observantiam?
1682 3123 1685 3131 Δ
1723 3125 1734 3164 ἱ
1872 3107 1873 3128 ι

876 3187 1058 3306 §.16.‘
1118 3194 1124 3216 ’
1443 3254 1448 3262 -
1872 3211 1873 3250 ¹

107 3387 112 3398 ·
173 3369 180 3376 ’
291 3342 298 3348 ’
369 3339 514 3442 Quarto
529 3358 627 3414 nuuc
640 3337 728 3412 loco
745 3335 791 3410 ad
809 3348 972 3409 veterem
992 3331 1192 3428 historiam,
1223 3359 1291 3414 ceu
1314 3339 1486 3434 optimam
1507 3335 1670 3418 ecclesia·
1723 3425 1731 3436 ,

207 3438 311 3518 sticae
328 3435 521 3535 disciplina
542 3435 736 3534 magistram
755 3451 998 3512 revertamur:
1019 3431 1052 3506 dt
1073 3433 1118 3510 de
1138 3441 1251 3513 tribus
1271 3437 1414 3532 quidem
1435 3443 1553 3534 primis
1573 3441 1670 3516 secu·
1872 3441 1873 3468 ³

209 3543 256 3616 lia
280 3539 398 3614 sermo
422 3539 474 3614 est
497 3538 749 3626 inchoandus,
789 3533 929 3630 quade
953 3555 993 3607 rc
1021 3549 1104 3608 ante
1130 3541 1249 3612 omnia
1275 3539 1481 3635 praejudicio
1505 3542 1672 3616 laborare
1703 3589 1715 3600 -

210 3637 355 3715 doctiss.
377 3643 461 3714 alias
477 3639 641 3734 Jungium
663 3635 934 3724 animadverto,
980 3631 1064 3708 dum
1088 3638 1125 3711 in
1147 3639 1204 3716 sua
1228 3639 1394 3712 historica
1410 3633 1665 3726 Dissertatione

212 3741 259 3816 de
285 3738 618 3836 Dispensationibua
644 3731 905 3833 episcopalibus
933 3753 1011 3829 pag.
1029 3753 1072 3828 13
1103 3734 1246 3814 scribit:
1290 3738 1403 3812 Tribus
1424 3743 1538 3834 primis
1549 3741 1668 3834 seruiit

211 3846 354 3914 omnium
372 3839 513 3934 consensu
529 3835 686 3934 parifflma
705 3853 773 3908 erat
792 3839 955 3928 regiminis
972 3833 1182 3930 accusastis,
1209 3841 1384 3926 diuinitus,
1410 3839 1453 3922 {s
1466 3858 1524 3934 per
1536 3839 1667 3936 Aposto-

207 3943 254 4012 irr
277 3941 440 4032 constituti
462 3935 669 4027 obseruantia.
727 3932 818 4006 Non
838 3934 1010 4006 sanctam
1034 3932 1140 4008 facile
1159 3957 1287 4011 omnes
1312 3935 1470 4008 eruditos
1493 3937 1554 4012 ubi
1577 3958 1666 4010 con·

210 4035 604 4115 sentientesbabebit:
638 4031 796 4126 regimen
822 4031 917 4118 enirn
937 4031 1211 4112 ecclcfiasticum
1236 4035 1383 4110 aDeo·
1402 4033 1549 4128 homine
1572 4031 1664 4108 insti·
1696 4107 1702 4114 .

211 4153 334 4214 tntum
354 4136 500 4228 quidem
518 4131 587 4206 fuit
608 4131 729 4226 quoad
750 4128 903 4202 radicem
922 4127 1042 4221 suam,
1066 4127 1126 4210 sco
1165 4135 1292 4232 egendi
1314 4135 1550 4228 potestatem
1576 4151 1664 4206 neu.

210 4242 349 4330 tiquam
377 4249 496 4308 tameo
524 4230 644 4324 quoad
668 4227 913 4303 omnimodam
942 4228 1116 4323 sormam,
1183 4255 1262 4308 uam
1290 4234 1446 4310 Christus
1475 4237 1540 4308 suis
1560 4233 1664 4310 Vico·

207 4340 292 4424 tiis,
318 4337 433 4408 totius
450 4331 618 4406 Ecclesia
626 4327 826 4402 Pastoribus
841 4346 908 4420 pro
924 4339 1148 4425 temporum,
1173 4337 1357 4425 locorum,
1384 4336 1415 4406 dr
1433 4329 1663 4426 personarum

208 4440 355 4514 ratione
364 4429 595 4507 ordinandam
607 4429 772 4522 permisit.
824 4423 993 4518 Apostoli
1010 4431 1115 4504 etiam
1132 4437 1332 4528 perorbem
1345 4429 1505 4525 disperii,
1532 4433 1663 4505 dacon-

208 4525 1663 4626 vertendispraecipueinfidelibusintenticircastabiliendamuniversaiisregimi-

207 4639 263 4711 nis
284 4634 436 4708 formam
460 4647 581 4728 parum
604 4641 664 4700 aut
683 4626 769 4702 nihil
794 4629 1088 4720 occupabantur,
1114 4633 1162 4704 ita
1185 4630 1349 4724 quidem,
1376 4644 1416 4702 nt
1433 4630 1666 4706 saevientibus

205 4749 319 4820 tunc,
344 4731 460 4825 &per
477 4732 543 4806 tria
560 4726 674 4800 secula
691 4726 767 4800 sete
783 4729 1004 4802 continuatis
1020 4727 1326 4821 persecutionibus
1344 4729 1436 4804 hanc
1453 4729 1659 4823 impeditam
1692 4757 1699 4768 ·
1834 4727 1848 4742 '

206 4834 330 4927 potina
350 4831 469 4919 dicas,
495 4848 599 4922 quam
620 4829 758 4922 integre
769 4823 1021 4923 constitutam,
1072 4829 1183 4922 Igitur
1203 4829 1379 4928 primaevis
1401 4829 1469 4903 iliis
1490 4830 1659 4916 tempori·

207 4936 276 5012 bus
295 4925 505 5030 puriffimam
523 4927 667 5025 quidem
684 4949 805 5002 morum
825 4923 1031 5023 disciplina,
1059 4927 1155 5004 haud
1173 4947 1262 5004 vcro
1278 4931 1440 5028 regiminis
1455 4927 1659 5042 &lestussun

513 5053 516 5061 ·
1279 5065 1285 5074 ·
1416 5045 1429 5060 ’
1512 5047 1613 5122 curua
