3942 6134
768 1084 1127 1163 *ι’
1326 1076 1340 1093 “
1546 1118 1615 1193 ¹¹³

213 1282 501 1383 „Episcopum
517 1270 798 1363 &minitatione
812 1273 896 1349 uua
910 1270 1007 1352 meu
1024 1274 1063 1351 iu
1077 1268 1160 1351 auia
1176 1270 1359 1349 relationia
1375 1272 1586 1358 sententiam
1602 1292 1665 1373 pm·
1726 1356 1734 1377 ‚

213 1404 348 1483 „nant,
372 1382 448 1459 srve
470 1397 547 1453 non
569 1391 727 1469 ponant,
755 1390 864 1468 prout
881 1374 952 1445 illie
970 1373 1198 1461 collibuerit,
1223 1370 1345 1447 divina
1367 1394 1489 1464 mque,
1514 1398 1557 1449 ac
1574 1378 1665 1453 sum·
1785 1389 1786 1394 ‘
1856 1440 1857 1449 Ν

213 1504 383 1659 ’‘tilt'
393 1468 1452 1669 ili‘hhli‘littllsshlt‘l‘hil'fllill
1467 1494 1663 1651 miili}

211 1605 601 1779 :Jquoqu‘es'entcntim
625 1695 669 1749 ac
686 1670 759 1747 fide
775 1670 903 1745 imbuti
920 1656 1075 1744 romanae
1094 1668 1260 1745 Ecclesrae
1279 1668 1506 1765 presentem,
1531 1691 1609 1765 que
1624 1675 1663 1751 in

213 1782 381 1875 „summo
397 1772 574 1851 Pontihce
589 1769 850 1847 Innocentiois
870 1770 989 1865 viget,
1027 1768 1280 1846 authoritatem
1297 1770 1418 1845 debita
1433 1767 1662 1849 observantia

129 1902 135 1917 ·
211 1882 446 1973 „colentee.“
469 1926 512 1941 .-
560 1870 663 1947 Nihil
688 1873 817 1948 clarina
841 1868 909 1943 hac
934 1864 1019 1941 fidei
1046 1866 1114 1941 suae
1134 1864 1370 1967 proseffinne,
1392 1866 1663 1963 auamGahia

210 1977 378 2075 Episcopi
406 1968 550 2072 tri'ginta
573 1971 716 2047 circiter
741 1972 844 2045 annie
866 1981 951 2042 ante
974 1966 1141 2041 famosam
1157 1960 1452 2064 Declaratinnem
1479 1968 1661 2045 fecerant:
1731 1982 1741 1995 ‘

212 2068 403 2155 Ecclefiam
425 2065 640 2149 catholicam
651 2073 724 2163 sala
744 2065 932 2143 cathedre
948 2057 1044 2139 Petri
1066 2067 1346 2167 commuuione,
1384 2066 1420 2165 dt
1442 2066 1663 2146 authoritate

213 2176 360 2276 fulciri„
371 2173 505 2267 judicia
523 2194 545 2245 a
561 2168 704 2245 summit
724 2164 958 2244 Ponuficrbua
979 2186 1048 2260 pro
1070 2163 1258 2242 sancienda
1276 2168 1397 2261 regula
1413 2162 1499 2243 fidei
1519 2169 1589 2245 lata
1609 2166 1664 2241 di·

111 2344 112 2353 Ν
211 2279 298 2351 vina
315 2273 533 2360 authoritate
554 2271 644 2361 niti,
686 2271 787 2360 queis
804 2266 910 2362 ipsine
930 2266 1061 2339 mentia
1082 2256 1293 2361 obsequium
1312 2266 1357 2341 ab
1375 2264 1663 2345 omnibus,de-

212 2372 327 2453 stianit
345 2368 540 2464 debeatur,
565 2370 640 2445 hoc
658 2366 732 2462 eli,
756 2362 826 2443 effe
841 2364 1057 2463 infallibilia.
1111 2431 1114 2439 .

355 2614 474 2715 Quam
497 2612 549 2686 ob
573 2628 649 2685 ram
673 2605 852 2705 posterior
875 2487 1062 2679 gallomm
1084 2602 1316 2694 Declaratln,
1352 2616 1486 2701 ¹utpote
1509 2604 1664 2701 pristinae

214 2707 297 2787 fidei
305 2715 468 2809 opposita
476 2707 870 2787 authoritatedeilitnta
886 2705 952 2796 sit,
990 2702 1130 2781 necesse
1146 2703 1207 2779 est.
1262 2705 1439 2797 Accedit,
1474 2709 1573 2797 quod
1592 2726 1665 2783 nec

210 2824 309 2884 torua
327 2810 453 2887 Galliae
471 2811 605 2885 cleron
622 2808 709 2883 huic
728 2805 984 2882 Declararioni·
999 2795 1208 2879 consensum
1234 2802 1397 2879 dederit:
1436 2826 1591 2898 namque
1616 2828 1665 2883 ex

211 2922 355 2985 centum
377 2912 520 3009 triginta
540 2907 751 3003 Episcopia,
786 2916 879 2999 quot
897 2900 1011 2977 Gallia
1032 2917 1222 2994 numerat,
1258 2914 1397 2979 tantum
1415 2906 1560 3003 triginta
1581 2926 1664 2997 qua·
1700 2910 1712 2927 '

211 3022 295 3081 tuor
314 3011 400 3084 huic
421 3008 622 3085 conventui
641 3007 863 3091 intererant,
900 3005 1012 3076 ceteri
1033 3022 1109 3076 non
1129 3005 1357 3079 vocabantur
1375 3022 1524 3095 omnes,
1560 3004 1594 3081 dr
1616 3008 1662 3079 ab

208 3106 415 3182 absentibua
436 3108 598 3203 deputati
617 3104 872 3179 authoritatem
887 3103 1283 3193 nullamaeceperunt,
1313 3102 1363 3175 de
1380 3122 1604 3193 quacumque
1625 3102 1666 3179 fi-

207 3205 269 3279 dei
287 3204 449 3277 debirint
459 3203 669 3295 judicandi,
687 3220 748 3273 ac
763 3196 969 3271 definiendi.
1018 3196 1116 3271 Hinc
1133 3216 1210 3271 nnn
1225 3198 1299 3273 fine
1313 3201 1439 3295 injuria
1453 3204 1523 3275 toti
1540 3200 1665 3276 Eccle-

112 3343 113 3352 κ
208 3303 264 3377 hae
288 3303 472 3396 gallicane
494 3301 570 3373 haec
591 3297 802 3373 Declaratio
827 3298 1034 3388 imputatur.
1094 3294 1219 3395 Quid,
1263 3299 1360 3389 quod
1387 3303 1447 3375 vel
1474 3299 1545 3393 ipsi
1570 3299 1688 3373 adeo·

210 3398 411 3473 Academia
429 3398 623 3473 Parisienfie
640 3394 730 3470 telie
744 3390 943 3467 Hiaciotho
959 3391 1066 3487 tany
1081 3394 1259 3469 Sorbonm
1271 3396 1454 3489 Dedere,
1487 3401 1546 3489 qni
1567 3402 1663 3477 circa

113 3521 114 3538 ¹
212 3500 245 3571 id
265 3515 410 3591 tempor
428 3497 582 3571 licentia
601 3494 750 3569 stadium
768 3491 1009 3581 decurrebat,
1048 3495 1083 3566 in
1108 3497 1360 3589 acceptandam
1383 3496 1475 3573 hanc
1494 3498 1665 3573 Declara-

113 3653 114 3664 Ν
212 3599 348 3670 tionem
373 3615 451 3671 non
475 3594 604 3688 sponte
626 3593 685 3668 sua
706 3589 945 3681 consenserit,
999 3589 1056 3665 sed
1081 3594 1155 3667 vim
1180 3616 1255 3669 non
1282 3596 1460 3671 modicam
1482 3596 1573 3691 passa
1598 3600 1665 3677 srta

213 3695 298 3769 Cum
317 3696 412 3768 eninr
429 3692 615 3768 Praesedtua
630 3688 748 3767 Curiae
763 3710 846 3765 cum
864 3692 968 3789 regiis
986 3688 1223 3784 Consrliariir,
1241 3694 1282 3767 dt
1301 3694 1539 3769 Procuratore
1554 3716 1664 3793 gene·

213 3796 271 3867 tali
289 3793 334 3867 ad
350 3792 629 3867 Univerhtatem
650 3790 868 3879 accederet,
884 3808 927 3864 ut
941 3789 1096 3867 sancitur
1110 3791 1280 3867 doetrinae
1299 3799 1469 3869 articulos
1490 3816 1509 3868 a
1525 3796 1663 3871 Dodo·

214 3894 305 3969 ribua
325 3894 465 3987 accipi,
490 3891 524 3964 dt
543 3893 581 3965 io
601 3890 762 3987 publicae
780 3888 904 3962 referri
927 3894 1065 3965 tabulas
1089 3908 1253 3977 curaretr
1279 3908 1378 3967 tanta
1398 3893 1580 3995 suntfforta
1599 3894 1663 3970 dis

216 3988 316 4081 lidia,
352 4006 393 4065 ut
413 4012 454 4064 re
472 3986 602 4063 inscita
624 3984 741 4059 redire
760 3984 959 4061 debuerint.
1022 3984 1104 4063 Post
1118 3994 1264 4083 aliquot
1284 3992 1360 4067 dice
1379 4011 1453 4069 non
1475 3994 1664 4089 expectata

214 4084 460 4185 Magitlrorum
482 4087 764 4173 deliberatione,
797 4086 972 4179 nulloque
994 4090 1136 4161 illorum
1163 4090 1295 4165 assensu
1316 4094 1463 4183 nnoesrto
1485 4096 1523 4167 in
1545 4092 1661 4186 supre·

214 4206 300 4261 mam
318 4190 470 4262 serratus
489 4190 623 4261 curiam
644 4200 799 4259 vocatua
816 4184 1023 4260 Academia
1038 4184 1233 4280 Notarius,
1271 4190 1444 4285 milliaque
1464 4192 1660 4285 inscriptio·

216 4288 266 4359 nia
290 4280 454 4361 formulis
481 4286 797 4377 Declarationem,
833 4300 876 4358 ut
903 4287 1025 4379 ajunt„
1062 4288 1244 4382 registrare
1268 4290 1377 4384 jussui
1402 4290 1468 4385 est.
1545 4288 1661 4393 Quod
1712 4311 1718 4323 ·

116 4449 117 4474 Ν
219 4403 303 4459 rero
337 4383 462 4480 postea
493 4383 683 4461 Candidati
720 4405 788 4477 pro
819 4380 941 4459 Gradu
979 4385 1191 4481 theologico
1228 4389 1375 4477 eoadem
1412 4389 1584 4463 articulos
1621 4390 1659 4465 in
1722 4474 1735 4491 θ

116 4481 117 4488 '
218 4478 278 4555 suia
313 4484 468 4559 thefibua
503 4484 783 4581 propugnarint,
807 4481 846 4555 id
887 4484 992 4559 nullo
1025 4484 1201 4561 Sorbonae
1235 4484 1369 4563 statuto
1407 4484 1559 4578 riuum,
1597 4485 1660 4561 sed

218 4580 265 4651 in·
284 4582 506 4677 obsequium.
523 4582 657 4683 Regia,
708 4580 768 4673 qui
801 4580 951 4659 solemni
984 4583 1102 4661 edidlo
1138 4586 1180 4661 ad
1215 4608 1339 4681 pterea
1368 4584 1530 4682 gallicani
1563 4582 1663 4661 Con·

220 4695 343 4755 ventus
380 4684 537 4767 obtento
574 4684 625 4755 ita
659 4680 904 4757 mandaverat.
964 4682 1063 4760 Vide
1097 4682 1308 4763 Billuartum
1323 4677 1403 4781 d),
1454 4680 1566 4759 Unde
1601 4704 1660 4779 pa·

1399 4786 1432 4873 ᾗ
1544 4794 1614 4883 tet,

287 4916 321 4999 ⁶)
340 4916 426 5029 caru
441 4914 574 5000 nerlu.
591 4918 672 4996 ur.
688 4886 966 5079 u‘ni'rc’fnupr.
984 4915 1053 5001 §.a
