3942 6134
690 1160 696 1172 .
777 1101 1106 1149 m
1562 1089 1634 1176 267

221 1272 311 1352 sent.
363 1263 474 1342 Hune
487 1261 625 1339 sensmn
644 1262 794 1362 exigunt
810 1261 943 1337 umba:
968 1259 1049 1336 Nrn
1056 1259 1217 1355 stirmis
1227 1257 1285 1356 sel
1304 1265 1413 1354 prtia
1433 1261 1556 1338 ronterii
1570 1276 1687 1436 &orte-

100 1428 101 1435 κ
217 1395 279 1460 rt,
301 1393 416 1449 nourr
431 1375 467 1443 in
478 1365 648 1464 prasentia
657 1363 808 1460 finiliter
824 1382 962 1441 manoe.
1014 1357 1146 1436 Fateor
1162 1355 1304 1451 quidem
1322 1359 1553 1454 suspicionem
1596 1364 1687 1436 imo·

100 1462 101 1535 ἶ
219 1475 290 1551 niae
313 1468 464 1546 excitari
482 1463 582 1561 posse
602 1485 668 1557 per
687 1462 859 1558 adjeetnm
880 1456 1088 1550 causalem,
1130 1482 1201 1534 curn
1212 1458 1330 1556 strue
1347 1459 1415 1534 Dei
1434 1446 1576 1556 siccisne
1594 1477 1687 1536 tanta

100 1584 101 1597 ¹
259 1573 333 1646 aiis
348 1573 429 1644 lm
440 1565 598 1664 perditum
613 1569 867 1658 irsntguupurm
883 1563 1026 1638 deleant.
1073 1557 1145 1634 Sed
1162 1559 1243 1651 quia
1259 1557 1467 1648 latinitatis,
1492 1559 1687 1655 &copula-

215 1587 336 1747 ssmm
360 1667 459 1740 vitiir
480 1663 552 1740 hoc
576 1663 735 1758 diploma
755 1657 942 1737 mauiselle
958 1658 1120 1751 laborat,
1161 1659 1223 1731 vel
1245 1677 1266 1730 e
1286 1659 1374 1734 loco
1394 1655 1458 1730 suo
1476 1659 1687 1754 transposita

216 1767 272 1845 est
288 1769 376 1844 ‘hec
407 1761 586 1855 consitiis,
619 1763 654 1836 dt
675 1762 965 1932 iungendarum
990 1761 1104 1853 prima
1128 1756 1357 1832 resolutionis
1380 1769 1482 1852 parte
1493 1757 1559 1852 sui
1579 1767 1688 1852 gratia

214 1872 365 1949 tmesi:
390 1866 451 1938 vel
475 1866 607 1958 copula
627 1887 701 1938 runt
719 1863 731 1934 i
758 1881 815 1936 em
839 1859 903 1934 fibi
924 1857 1027 1948 vult,
1054 1878 1098 1932 an
1110 1872 1241 1959 propter
1258 1859 1361 1952 pund,
1386 1857 1436 1930 ita
1459 1873 1500 1931 ut
1519 1877 1595 1932 non
1614 1857 1687 1952 ipsa

218 1965 409 2044 eaull'aiem
432 1961 583 2054 efficiat,
608 1959 667 2036 sed
691 1959 733 2036 lit
755 1955 915 2034 eauffllia
934 1954 1087 2050 sequela.
1138 1957 1251 2032 Setun
1269 1959 1362 2034 enim
1374 1957 1439 2054 sul
1457 1963 1688 2051 promotore·
1767 2003 1773 2012 -

218 2073 274 2156 ss,
312 2063 506 2160 &fimiter
520 2085 646 2138 mentre
666 2075 837 2160 oportere„
869 2057 932 2132 sibi
950 2075 1028 2130 non
1048 2069 1349 2156 opponerentur‚·
1383 2071 1494 2158 prout
1509 2068 1631 2130 tamen
1648 2058 1687 2130 in
1734 2081 1744 2098 ¹

108 2207 112 2214 ·
218 2167 439 2262 Diplomate
451 2182 514 2262 per
532 2183 595 2238 nort
604 2162 725 2256 solam,
746 2181 860 2234 unum
882 2153 1043 2252 expresse
1064 2157 1126 2230 libi
1138 2153 1316 2230 videntur
1335 2155 1486 2250 opponi.
1536 2155 1606 2230 Sed
1627 2173 1691 2252 pt-¹

215 2289 262 2344 te
285 2287 366 2353 me,
399 2261 562 2356 divesis,
594 2261 688 2336 hanc
708 2257 972 2354 Episcoporum
993 2254 1203 2330 sententiam
1228 2256 1426 2349 iniquitatis
1445 2275 1589 2354 arguet3
1622 2277 1688 2331 no·

216 2367 284 2442 lim
302 2362 553 2440 contentiosae
569 2357 749 2438 erismae
763 2359 932 2462 legitime
947 2367 1070 2434 autem
1085 2351 1354 2452 dispensationis
1370 2358 1575 2453 exemplum
1591 2355 1687 2433 haud

218 2464 309 2542 mde
328 2459 516 2557 confido
1133 2587 1139 2604 ,

730 2785 734 2794 ,
891 2673 929 2792 §-
945 2666 1019 2792 4'9·
1254 2675 1258 2686 '

367 2815 570 2900 Enimvero
589 2791 1039 2921 dattenteponderemus‚
1065 2813 1506 2912 quamseueraiiloadhue
1521 2829 1688 2917 tempore

216 2926 319 3008 citu
340 2923 561 2998 matrimonii
587 2922 704 3020 teger
722 2923 908 3016 disciplina
926 2921 1037 2996 suerit
1050 2917 1241 3008 Ecclelite;
1266 2917 1424 3011 quedam
1443 2917 1589 2996 forsitan
1607 2921 1691 3017 Epi.

215 3023 416 3120 seopomm
445 3018 538 3098 seda
568 3021 664 3098 inter
691 3024 896 3129 irregularia
924 3022 1048 3116 potina
1077 3031 1254 3094 attentatu
1284 3021 1459 3094 recenseri
1489 3018 1689 3118 debebunt,

219 3143 336 3216 quam
354 3122 522 3216 regrum:
543 3119 814 3214 dispensationis
831 3123 946 3196 uento
963 3119 1138 3194 decorari.
1189 3115 1347 3194 flanona
1367 3117 1566 3194 secunxtn
1583 3125 1690 3198 maxe
1788 3172 1795 3181 .
1873 3097 1874 3106 ‘

221 3238 331 3299 mum
350 3218 467 3292 adhue
482 3219 587 3310 huius
607 3218 800 3314 disciplinae
818 3217 1169 3316 rigorem-ostendite
1193 3236 1323 3294 notum
1340 3217 1392 3292 est
1407 3223 1500 3293 enim
1511 3273 1524 3311 ,
1550 3239 1692 3312 quanta·

224 3315 457 3402 diliieultatie
476 3335 533 3390 ret
553 3315 683 3411 suerit,
708 3333 750 3394 ut
766 3317 862 3394 Otto
872 3318 926 3393 lV
943 3317 1143 3414 Imperator
1161 3320 1206 3392 ab
1222 3315 1441 3394 Innocentio
1450 3315 1501 3402 lll
1522 3319 1693 3414 dispensa·

227 3421 379 3494 donem
388 3416 426 3492 in
436 3433 565 3508 quarto
574 3421 802 3514 cognationis
810 3417 1149 3516 graduimpetraret.
1169 3413 1302 3493 Caull'n
1314 3417 1691 3516 aderantgrnvisrme:

231 3513 321 3613 post
339 3513 519 3589 horrenda
540 3517 637 3590 belia
660 3519 736 3594 ceti
749 3517 901 3614 Philippi
922 3514 996 3592 filia
1021 3537 1088 3610 pro
1107 3518 1213 3592 rebar
1234 3513 1461 3612 pacificandis
1480 3522 1517 3596 in
1538 3541 1691 3600 uxorem

228 3615 389 3694 Ottonin
405 3612 611 3690 destinanda
620 3617 817 3694 videbatur
826 3616 971 3712 imperii
980 3615 1217 3712 Principibus,
1243 3615 1692 3712 Episcopiripiirquel’on·

227 3711 339 3791 tiftcit
358 3716 483 3812 legatis
502 3712 762 3797 Cardinalibur.
812 3713 979 3794 Tandem
1001 3737 1078 3792 non
1099 3715 1173 3792 sine
1193 3715 1325 3792 summa
1344 3719 1552 3796 morositate
1573 3719 1616 3796 ed
1638 3737 1694 3798 to·

229 3819 306 3892 tim
324 3835 370 3890 ex
386 3813 544 3908 Imperio
559 3813 682 3910 Cleri,
718 3821 920 3918 populique
945 3838 1072 3911 precer
1092 3813 1264 3892 Pontifex
1287 3815 1519 3912 dispensavit,
1558 3822 1616 3898 sed
1636 3843 1695 3898 au·

229 3913 334 3990 sleria
353 3915 435 3988 edm
457 3910 752 4010 condimntum,
778 3935 821 3994 ut
835 3915 933 4005 Otto
951 3913 1153 4012 ampliffima
1175 3913 1250 3990 duo
1270 3913 1490 3996 Monasteria
1512 3919 1693 4016 funderet,

227 4013 453 4112 singulariter
466 4007 702 4089 Eccledarum
725 4019 887 4092 omnium
912 4014 1189 4104 desensonem,
1216 4014 1250 4089 dt
1275 4019 1438 4096 bellicam
1464 4015 1605 4116 insuper
1625 4041 1693 4115 pro

231 4127 333 4190 terra
347 4111 461 4188 tanea
475 4111 745 4206 expeditionem
761 4113 974 4209 susciperet,
999 4113 1033 4190 dt
1050 4115 1254 4192 universum
1271 4113 1463 4212 Imperium
1481 4121 1584 4216 largit
1601 4123 1695 4196 elee.

229 4209 404 4302 moino,
428 4231 472 4288 ae
492 4209 755 4290 ferventiffinir
776 4215 1003 4292 orationsour
1018 4213 1142 4290 unae
1162 4213 1353 4312 discipline
1372 4221 1504 4292 vuinur
1524 4239 1696 4314 compen·
1791 4225 1797 4234 '

234 4311 342 4390 taret
387 4309 479 4388 Non
495 4311 624 4387 inutile
643 4316 713 4390 erit
727 4312 968 4408 Vanespenii‚
993 4316 1110 4412 magni
1130 4313 1225 4410 apud
1243 4317 1461 4393 adversarior
1482 4319 1549 4392 viri
1570 4337 1696 4398 notam

235 4427 320 4489 tum
341 4414 380 4488 in
400 4431 535 4586 genere
559 4409 607 4484 de
629 4413 971 4509 dispensationibus,
1011 4428 1088 4490 tum
1110 4417 1147 4489 in
1172 4413 1290 4510 specie
1311 4415 1358 4492 de
1377 4417 1697 4498 matrimonialibus
1727 4432 1740 4482 f

236 4513 300 4589 ltie
324 4531 399 4588 con
427 4507 618 4584 derandum
644 4513 730 4590 dare
752 4519 818 4602 *lt
854 4511 1340 4606 „Veterumtenaeillimam
1369 4511 1557 4594 canonum'
1579 4519 1718 4596 eustos

230 4613 382 4707 „diam,
425 4607 648 4690 &summam
670 4615 708 4693 in
730 4613 963 4712 dispensando
982 4615 1228 4692 morositatem
1248 4615 1394 4708 nullut,
1432 4619 1494 4692 vel
1513 4640 1635 4714 parum
1657 4621 1696 4698 in
1770 4641 1783 4646 ⁴

230 4709 409 4808 „historia
425 4707 676 4810 mclmtstioe,
699 4713 845 4793 &avita
853 4711 1024 4790 Ecclefie
1038 4715 1222 4818 disciplina
1240 4711 1398 4796 versatur
1416 4717 1577 4818 ignorat,
1603 4719 1697 4798 adeo
1823 4725 1826 4732 ’

857 4892 861 4903 .
909 4813 970 4892 Ll
997 4832 1039 4900 n·
1231 4857 1239 4872 ·
1472 4819 1649 4916 „quidem

317 4982 885 5117 auveriae-nummum
904 4997 979 5102 o'n
1018 5051 1022 5056 -
