3942 6134
148 1246 154 1261 ‚
253 1166 350 1251 cius,
376 1148 597 1250 Simplicium
622 1146 849 1239 Bonifatius,
873 1112 1088 1240 tyronii,
1113 1142 1697 1233 teo‚‘llornrltalueanorsuoa

250 1268 290 1339 in
312 1262 416 1333 variis
434 1258 640 1353 regionibus
662 1249 1182 1339 constituerunt,.pracipuan
1204 1250 1266 1325 libi
1287 1252 1539 1330 authoritatem
1559 1249 1712 1350 semper

253 1356 503 1453 reservabant,
529 1356 650 1428 ornnia
670 1349 859 1447 diligenter
878 1346 922 1423 ad
942 1344 1037 1441 ipsos
1056 1346 1180 1433 referri
1196 1350 1393 1444 jubebant,
1420 1352 1610 1431 caullarun
1623 1354 1700 1429 dif-

116 1486 122 1495 “
206 1518 209 1523 -
254 1460 403 1539 liciliurn
425 1452 643 1529 decisionem¹
661 1450 754 1545 apud
773 1448 808 1523 se
828 1444 906 1523 fieri
927 1448 1124 1539 volebant,
1157 1450 1397 1531 aliorumnas
1416 1456 1453 1529 in
1476 1454 1611 1547 partein
1633 1452 1702 1528 soi·

254 1557 471 1643 licitudinie,
512 1554 546 1627 se
566 1574 656 1625 vero
679 1551 772 1625 solos
792 1550 829 1623 in
852 1546 1112 1641 plenitudinem
1135 1550 1319 1643 potestatis
1338 1566 1501 1626 vocatos·
1515 1551 1604 1640 effe,
1640 1573 1702 1628 ne·

254 1662 353 1736 mine
378 1668 466 1729 tunc
491 1652 734 1741 reclamante,
769 1647 826 1722 sed
855 1647 1025 1721 unanimi
1040 1649 1201 1723 omnium
1229 1650 1400 1725 consensu
1425 1648 1713 1745 profitebantur..

255 1758 414 1853 Dignum
445 1748 495 1826 eli
524 1750 709 1825 hocloco
741 1747 961 1845 singulariter
991 1751 1221 1821 rememorari
1245 1751 1362 1825 solunt
1388 1750 1516 1825 Gelalri
1533 1748 1568 1824 Ρ.
1600 1748 1704 1823 aller·

233 1868 333 1935 tum
357 1858 420 1945 *la
454 1847 618 1942 „Cunila
641 1869 706 1942 per
727 1847 900 1921 rnundurn
925 1848 1033 1952 nouit
1055 1844 1234 1939 Ecclesia,
1266 1851 1438 1942 ‘quoniam
1461 1852 1706 1940 quorumlibet

253 1950 468 2049 „sententiis
493 1952 601 2046 ligata
625 1943 975 2025 Pontificum·8edes
991 1944 1039 2019 Β.
1054 1942 1148 2020 Petri
1171 1946 1339 2041 Apostoli
1363 1950 1424 2042 J‘ue'
1442 1948 1575 2023 habeat
1600 1947 1706 2023 resol-

252 2050 418 2148 ·-,‚vendi,
437 2064 574 2143 utpote
591 2068 669 2140 quar
691 2038 854 2122 de'onm·
874 2042 1031 2119 Eccielia
1050 2044 1103 2119 fas
1120 2044 1251 2122 habeat
1263 2050 1467 2142 judicandi,
1492 2067 1612 2139 neque
1631 2050 1705 2122 cui.
1742 2103 1749 2110 .

255 2149 459 2249 „quamde
485 2150 561 2243 ejus
589 2150 696 2221 liceat
717 2144 875 2245 judicare
894 2142 1055 2235 judicio:
1092 2145 1262 2237 liquidem
1286 2149 1448 2224 adillam
1474 2147 1521 2222 de
1544 2150 1704 2239 quelibet

241 2248 407 2351 ⁸„mundi
428 2266 529 2345 parte
551 2248 717 2345 &nones
739 2246 910 2339 appellari
930 2244 1144 2333 volueriut,
1173 2248 1219 2319 ab
1239 2248 1298 2321 illa
1316 2261 1436 2321 autem
1455 2265 1564 2321 nemo
1585 2248 1706 2343 stt-ap·

256 2354 421 2447 „pellare
441 2346 666 2440 permillurr‘
692 2343 751 2437 ,Si
777 2345 850 2419 hoc
871 2346 1022 2419 unicum
1036 2342 1210 2418 SeculiV
1229 2346 1419 2440 supereffet
1440 2342 1703 2437 testimonium

257 2441 374 2529 cauda
387 2446 417 2525 F
418 2450 581 2543 ebrouii,
605 2445 820 2539 suorumque
837 2441 1040 2519 affeclarum
1056 2445 1218 2521 omnium
1228 2447 1301 2540 jam
1317 2447 1457 2543 perdita
1476 2444 1583 2522 foret.

309 2767 311 2775 '
370 2804 380 2815 ··
402 2760 494 2838 Hac
511 2761 616 2859 igitur
631 2758 762 2863 lingula
778 2756 878 2850 suot,
906 2758 1079 2833 &omnia
1094 2744 1386 2838 criminationum
1401 2764 1518 2857 capita
1533 2760 1702 2839 adversus

154 2882 155 2885 ‘
260 2868 447 2947 diiamatar
462 2864 554 2939 adeo
574 2860 691 2936 nostra
711 2875 815 2934 aetate
833 2860 955 2935 lsrdori
977 2856 1153 2952 epistolas.
1201 2861 1287 2938 lilii
1309 2864 1493 2937 hominum
1510 2864 1597 2957 julla
1607 2866 1705 2959 judi·

260 2971 361 3047 cate!
388 2965 412 3040 fi
435 2966 541 3059 plane
563 2982 662 3035 nova
683 2959 826 3047 forent,
853 2961 885 3029 dt
906 2959 1090 3054 incognita
1110 2960 1251 3049 prorsus
1272 2963 1425 3054 antiquis
1446 2964 1523 3039 hec
1544 2964 1705 3057 decreta,

257 3067 436 3169 justumne
453 3073 643 3157 propterea
664 3062 722 3132 vel
743 3057 947 3133 Acheronta
967 3055 1135 3130 moveri?
1160 3106 1204 3123 -
1236 3059 1445 3159 Quidvero
1464 3084 1546 3137 curn
1566 3064 1609 3137 ad
1629 3068 1706 3139 evi·

261 3169 419 3243 dentiam
439 3182 552 3253 usque
573 3156 850 3241 demonstratum
873 3155 935 3247 sit,
971 3177 1012 3228 ea
1031 3158 1193 3250 pluribus
1211 3155 1361 3251 seculis,
1399 3165 1502 3251 queis
1518 3160 1631 3237 santia
1650 3167 1724 3248 vi·‚

260 3270 338 3367 guit
356 3263 522 3338 Ecclesiae
544 3258 750 3352 disciplina,
790 3274 874 3330 ante
893 3253 1063 3331 isidorum
1086 3257 1358 3357 lam‘extitiile,
1399 3258 1432 3331 dt
1458 3259 1581 3335 senilis
1605 3278 1705 3337 certe

206 3432 212 3439 .
260 3371 348 3461 viris
372 3362 465 3437 luam
485 3358 659 3455 originem
685 3355 878 3430 neuerett
929 3350 1068 3429 Nonne
1089 3360 1238 3451 proprio
1259 3379 1325 3432 ore
1348 3357 1515 3435 adversus
1536 3361 1570 3436 se
1592 3358 1704 3456 ipsum

224 3502 237 3517 2
261 3464 474 3544 sententiam
497 3460 609 3533 edixit
627 3454 829 3533 Febronlus
855 3458 904 3531 ita
925 3456 1079 3529 scribens
1095 3456 1176 3551 ''):
1203 3462 1270 3545 „Si
1289 3465 1323 3532 in
1342 3463 1397 3532 luc
1415 3482 1508 3550 erro,
1529 3460 1637 3549 fatear
1655 3485 1703 3537 rat

252 3560 403 3733 'scripfisse
422 3576 518 3635 totam
538 3579 680 3632 errorum
701 3561 900 3649 commum?
924 3553 1016 3629 Tam
1035 3556 1232 3627 monstrosa
1245 3576 1407 3629 errorum
1430 3566 1618 3657 congeries
1628 3564 1701 3655 jam

260 3668 338 3741 noir
375 3662 488 3747 eniel,
518 3658 578 3735 ,sed
600 3658 712 3753 supe,
745 3656 955 3732 &amnicis
977 3654 1121 3750 publiea
1142 3654 1180 3725 in
1201 3653 1461 3745 incedentia,
1492 3662 1633 3753 jamque
1655 3662 1701 3733 ab

129 3791 131 3795 ’
261 3763 341 3857 ipsis
363 3758 565 3849 Germanice
586 3754 873 3848 Archiepilcopis
893 3750 1130 3842 antepaucos
1152 3772 1267 3825 annoe
1287 3754 1549 3850 condemnata,
1576 3776 1702 3833 utuo·
1790 3779 1795 3785 ·

262 3860 340 3939 stris
358 3856 483 3939 diebus
500 3855 718 3929 tot-alieclas
734 3852 936 3939 invenerit,
972 3848 1096 3925 sanuae
1111 3851 1316 3945 apostolicae
1330 3854 1433 3929 Sedis
1449 3860 1706 3949 coviciatores,

264 3964 325 4054 qui
345 3956 421 4033 fieri
441 3952 592 4048 potuille
613 3952 755 4035 credas,
800 3951 862 4025 nist
884 3969 956 4043 quo
980 3948 1157 4024 ducantur
1177 3973 1360 4039 errorum,
1379 4016 1384 4023 .
1403 3961 1704 4049 contentionum,

205 4050 215 4063 ’
264 4058 502 4234 diffidffiunr,
527 4052 559 4228 {t
581 4054 842 4130 inimicitiarum
865 4049 1008 4151 spiritu,
1034 4050 1096 4145 qui
1116 4050 1212 4136 idem
1235 4048 1286 4129 eil
1306 4054 1420 4129 carnia
1438 4053 1599 4151 spiritur,
1624 4059 1705 4135 satie

261 4162 396 4243 uranie
428 4171 529 4233 arent
1596 4181 1600 4189 ¹

477 4412 479 4419 Α
916 4320 955 4439 §.
990 4346 1054 4440 13.

415 4470 517 4551 Dato
532 4475 658 4561 etiarn,
675 4468 735 4547 seu
750 4470 896 4545 nimium
914 4471 1108 4543 liberaliter
1128 4486 1256 4565 emitte
1267 4472 1319 4545 rei
1335 4473 1523 4550 veritatem
1550 4472 1712 4551 adversa·

264 4581 324 4660 riis
343 4574 531 4675 permitto,
555 4574 651 4664 quod
671 4576 824 4661 volunt,
851 4592 915 4663 per
934 4570 1132 4642 decretales
1151 4570 1269 4643 lsrdori
1286 4572 1456 4672 ¹epistolae
1475 4576 1608 4650 novam
1630 4596 1713 4649 om·

264 4702 376 4777 nino,
393 4699 434 4753 ac
451 4678 636 4788 tectoribus
652 4675 870 4773 incognitam
888 4670 1086 4766 regiminis,
1104 4666 1178 4747 five
1190 4671 1406 4765 judiciorum
1425 4674 1575 4755 formam
1590 4673 1709 4851 ithssca

1555 4778 1612 4853 cle
1638 4794 1660 4849 a

265 4860 712 4993 'Wrffissrnc
727 4900 857 4981 unum
975 4902 1022 4987 ⁴³>
1044 4902 1168 4983 Can-t.
1188 4871 1259 4993 la.
