3942 6134
620 1169 626 1179 ,
779 1109 1112 1152 m
1415 1209 1419 1217 ¹
1540 1109 1640 1192 ‘ro
1695 1052 1723 1114 ³

727 1229 733 1236 ’
885 1263 1024 1381 ind·
1168 1338 1174 1348 ·

367 1404 546 1505 Equidem
566 1409 604 1484 ln
621 1407 737 1485 veteri
757 1407 852 1483 illios
869 1409 937 1480 aevi
950 1399 1096 1482 historia
1116 1421 1226 1480 unum
1246 1403 1396 1480 invenio
1413 1405 1540 1484 sadum
1564 1412 1680 1504 cujus·

100 1570 105 1588 .
225 1511 307 1588 dant
329 1508 463 1609 Africae
479 1509 666 1604 Episcopi,
691 1511 839 1583 nomine
855 1503 1047 1599 Thespii,
1084 1509 1171 1596 „qui
1192 1503 1405 1598 Presbytero
1423 1509 1583 1600 isidori,
1619 1535 1679 1586 an·

222 1626 399 1704 „tequam
420 1611 664 1703 penitentiam
686 1611 826 1702 plenam
849 1604 990 1701 egisset,
1028 1605 1242 1678 &Domino
1262 1606 1366 1694 Deo,
1406 1606 1441 1678 in
1465 1611 1568 1695 quem
1590 1607 1683 1682 deli-

222 1722 397 1805 „queratp
429 1705 667 1797 satisfecisset,
704 1708 896 1780 immaturo
923 1720 1101 1796 tempore,
1133 1703 1166 1774 dc
1194 1723 1418 1798 prepropern
1448 1702 1679 1780 festinatione
1714 1715 1715 1720 ’
1773 1751 1775 1754 -

221 1829 384 1902 „pacem
404 1805 578 1878 dederat“
601 1809 656 1897 *).’
705 1805 774 1879 Sed
792 1801 973 1876 malefaiia
995 1805 1032 1874 in
1051 1805 1255 1894 exemplum
1274 1805 1363 1876 trahi
1383 1819 1587 1893 nequeunt,
1614 1825 1685 1880 nec

100 1954 101 1957 π
224 1907 281 1997 jus
305 1905 389 1978 inde
412 1908 582 1999 probari:
617 1905 732 1978 immo
749 1907 833 1976 hinc
856 1904 999 1989 elucet,
1037 1917 1208 1991 quantum
1232 1905 1290 1974 vel
1315 1902 1467 1996 ipsorum
1490 1899 1689 2000 Episcopo<

200 2025 306 2081 ‚rum
328 2005 484 2097 poteslas
508 2007 647 2100 legibus
673 2003 863 2096 disciplinae
886 1997 1072 2072 constristo
1092 1999 1209 2073 fuerin
1241 1997 1353 2085 ,Cum
1378 2002 1471 2074 enirn
1494 2001 1560 2074 hac
1580 2001 1624 2076 de
1645 2026 1699 2096 re·

161 2177 166 2187 ,
222 2099 337 2194 sidus
359 2101 557 2197 Episcopus
581 2103 626 2174 ad
647 2102 682 2175 S.
697 2101 915 2195 Cyprianum
939 2097 1126 2172 Primatem
1153 2102 1391 2190 querimonias
1412 2098 1614 2193 detulisset,
1653 2105 1686 2176 is

173 2279 180 2294 ,
222 2202 349 2275 habita
380 2222 461 2275 cum
496 2207 545 2275 66
567 2201 752 2294 Episcopis
777 2197 928 2292 synodo
954 2196 1191 2270 vehementer
1220 2199 1348 2272 sedium
1379 2187 1597 2292 improbavit
1630 2201 1686 2276 his

224 2303 371 2374 verbis:
397 2303 519 2402 „Qua
535 2319 592 2373 res
609 2321 677 2374 nos
694 2301 774 2373 satis
790 2299 930 2386 movit,
955 2293 1101 2397 rrrrffurn
1117 2293 1171 2392 affe
1186 2321 1206 2368 u
1223 2301 1335 2372 decretl
1353 2299 1450 2386 nolin·
1467 2301 1685 2392 Aurlrriratr,

154 2451 172 2466 .
224 2415 298 2492 „ut
320 2415 406 2471 ante
431 2402 651 2496 legitimum,
692 2399 897 2492 &plenum
920 2411 1061 2487 tempus
1088 2394 1352 2485 satisfactionis,
1394 2397 1528 2471 &stne
1552 2403 1683 2492 petitu,

100 2489 103 2498 ’
224 2497 291 2589 „dr
312 2497 531 2572 conscientia
553 2501 688 2592 plebis,
719 2500 817 2570 nulla
837 2492 1043 2568 infirmitate
1064 2509 1235 2588 urgente,
1272 2519 1313 2569 ec
1331 2491 1533 2568 neceffitate
1552 2519 1686 2594 cogen·
1713 2537 1723 2552 ·

223 2612 295 2690 „te
316 2619 385 2690 pax
410 2600 445 2669 ei
472 2597 747 2673 concederetur.
797 2594 868 2668 Sed
890 2593 1137 2687 libratofapud
1165 2613 1233 2665 nos
1256 2594 1316 2668 diu
1339 2595 1487 2668 consilio
1512 2594 1590 2670 satis
1615 2595 1686 2671 suit
1872 2659 1873 2686 ,

221 2697 447 2791 „objurgare
462 2693 681 2788 Therapium
701 2693 886 2791 Collegam
906 2691 1087 2783 nostrum,
1113 2693 1211 2784 quod
1232 2707 1368 2768 temere
1388 2691 1459 2768 h'oc
1479 2693 1624 2784 fecerit,
1651 2695 1687 2769 dt
1788 2695 1792 2700 “
1871 2779 1873 2808 ¹

223 2793 475 2887 ,‚instruxisse,
513 2793 662 2888 nequid
681 2797 753 2868 tale
774 2793 820 2866 de
839 2809 964 2867 cetero
984 2791 1161 2864 faceret.“
1211 2791 1288 2880 En,
1327 2810 1498 2883 quantum
1515 2795 1688 2869 Authori·
1872 2837 1873 2886 ;

221 2895 314 2968 tatis
337 2901 374 2967 ln
401 2893 615 2989 Episcopum
642 2896 703 2966 vel
727 2890 858 2965 Prima's
883 2891 1166 2986 Carthaginenfis
1192 2891 1349 2965 humano
1373 2907 1510 2966 tanturn
1539 2913 1582 2966 ex
1605 2895 1688 2986 iure
1796 2905 1802 2918 ¹
1872 2895 1873 2910 ¹

220 2995 416 3074 habuerit!
453 2994 488 3066 Si
519 3009 607 3066 tunc
639 2994 812 3086 temporis
837 2993 908 3082 jam
942 2991 1097 3086 cognita·
1115 2983 1257 3064 luissent
1290 2990 1461 3064 hodierna
1490 2995 1687 3087 principia3

221 3113 356 3168 nonne
370 3089 571 3184 Therapius
593 3094 759 3184 excipere
780 3087 972 3183 potuisset,
999 3091 1059 3162 srbi
1083 3109 1150 3178 pro
1170 3087 1229 3162 sua
1249 3089 1400 3164 Dioecesr
1424 3089 1688 3182 plenitudinem

223 3187 460 3288 potestatista
483 3191 567 3261 Deo
587 3189 792 3260 immediate
814 3186 914 3260 luisse
936 3182 1179 3277 commilsann
1204 3189 1280 3280 que
1302 3191 1345 3262 ab
1368 3189 1571 3261 hominibus
1590 3209 1689 3262 coeto

225 3288 318 3361 §lari
336 3303 413 3358 non
429 3284 566 3378 posset,
592 3306 720 3360 omnes
736 3284 935 3378 Episcopus
950 3288 1119 3378 equalem
1137 3287 1231 3378 inter
1247 3290 1282 3362 se
1297 3287 1563 3361 Authoritatem
1580 3287 1690 3362 habe·

223 3407 285 3475 re,
311 3385 490 3486 semeliae
508 3383 712 3480 agnoscere,
736 3381 823 3476 quid
840 3385 908 3458 illis
926 3386 961 3456 in
979 3383 1247 3461 circumstantiis
1265 3391 1372 3484 mpgis
1391 3393 1627 3478 conveniens,
1653 3387 1689 3462 dt

225 3487 324 3558 utile
342 3483 472 3574 suerit,
497 3485 560 3557 soli
583 3485 668 3557 Deo
688 3483 722 3557 se
742 3485 922 3579 regiminis
944 3480 993 3555 sui
1015 3485 1190 3580 rationem
1210 3485 1457 3560 redditurum?
1483 3485 1621 3560 Nonne
1639 3487 1690 3562 ita

205 3582 432 3674 Episcopus
458 3583 605 3672 ille,s1
631 3585 862 3676 pertinaciter
883 3581 1054 3656 voluisset
1078 3583 1225 3658 caussam
1251 3585 1343 3675 suam
1368 3584 1583 3675 defendere,
1619 3585 1690 3679 Cy·
1755 3583 1768 3682 J

225 3684 359 3777 priano
381 3680 572 3755 rescribere
594 3679 784 3777 potuisset,
819 3705 841 3774 p
888 3696 928 3755 ut
946 3683 1141 3782 humanum
1163 3686 1198 3758 in
1219 3703 1361 3758 nevum
1382 3683 1543 3759 incidens
1564 3683 1689 3778 postea
1747 3685 1751 3691 ’

228 3777 435 3875 Cyprianus
458 3779 716 3873 Episcoporum
746 3703 919 3870 caunffn,
958 3785 1019 3855 vel
1054 3783 1148 3856 suam
1181 3786 1301 3875 pocius
1333 3798 1460 3857 contra
1488 3781 1690 3877 supremum
1828 3825 1834 3836 ·

229 3877 405 3954 Ecclesrae
426 3879 539 3950 totius
559 3877 770 3968 Primatem,
792 3877 1013 3974 Stephanum
1033 3879 1070 3956 P.
1092 3879 1280 3956 defendit?
1306 3880 1395 3954 Satis
1418 3885 1555 3974 jamde
1576 3887 1690 3956 tribur

228 3977 356 4074 primis
378 3979 529 4066 seculis,
568 3979 630 4057 ubi
658 3977 816 4066 quedam
842 3977 1038 4071 pontificiae
1068 3981 1211 4072 quidem
1240 3981 1506 4071 dispensationis
1530 3979 1690 4076 vestigia,

229 4081 297 4150 vel
322 4079 485 4169 exempla
508 4077 763 4164 inveniuntur,
789 4079 926 4150 nullum
947 4095 1093 4168 autem,
1118 4098 1188 4152 nec
1209 4079 1352 4152 unicum
1376 4081 1556 4173 cujusdam
1579 4079 1691 4173 snrgu-

230 4178 317 4250 laris
342 4174 507 4268 Episcopi
535 4176 740 4266 exemplum
767 4172 884 4269 (nili,
917 4180 975 4269 qui
1004 4177 1102 4249 sorte
1131 4184 1295 4252 attentati
1320 4177 1390 4270 sui,
1424 4179 1691 4272 castigationem

230 4276 425 4364 retulerit)
450 4275 630 4348 medicam
655 4277 748 4347 circa
773 4277 888 4368 legem
910 4273 1077 4350 Ecclesrae
1096 4278 1358 4367 universalem,
1384 4275 1574 4366 nequidem
1595 4279 1692 4350 circa

233 4375 461 4469 particularis
483 4371 683 4446 Provincia
711 4371 942 4464 disciplinam.
992 4367 1025 4448 E
1047 4377 1229 4448 contrario
1244 4391 1370 4451 autem
1395 4378 1454 4446 vel
1478 4375 1593 4446 dubiis
1618 4389 1694 4448 tan·

235 4487 316 4546 tum
339 4473 377 4546 in
395 4473 501 4548 rebus
521 4473 644 4568 singull
659 4468 826 4564 Episcopi
847 4487 981 4563 caute‚.
1016 4472 1050 4544 ἀ
1071 4472 1223 4547 sollicite
1244 4477 1305 4546 vel
1327 4474 1370 4545 ad
1392 4475 1503 4574 totius
1525 4471 1692 4567 Ec'clesro

237 4569 380 4664 Caput,
411 4573 473 4642 vel
496 4570 628 4643 adsue
649 4567 848 4645 Provincia
870 4567 1059 4646 Primatem
1082 4575 1276 4648 relationes
1296 4571 1486 4660 iecerunt,
1516 4590 1629 4663 aquo
1654 4573 1693 4646 in

237 4668 393 4764 synodo
410 4667 585 4743 sententia
610 4671 708 4762 lata,
731 4671 780 4744 ‘o
799 4689 868 4766 pro
892 4672 944 4747 rei
964 4670 1233 4772 magnitudine,
1275 4671 1336 4746 vel
1361 4667 1569 4750 difficultate
1591 4667 1693 4749 Sedit

507 4805 510 4809 ·
1558 4789 1646 4866 apo·

237 4871 907 4898 μ--ι--ι-α-ω

319 4915 357 4993 ’)
378 4905 519 4986 cupam
539 4904 691 4990 Bellen·

942 4976 1001 5102 rr
