3942 6134
190 1049 499 1159 .'368'
842 1065 1230 1108 m

239 1281 240 1284 *
280 1253 444 1331 tampro
460 1229 542 1309 casu
558 1222 772 1326 denegmdtt
791 1219 936 1298 fositan
947 1221 1101 1315 justitia.
1143 1217 1363 1323 ‘Pelagianos
1376 1233 1496 1300 autem
1510 1224 1729 1322 moscin&

279 1336 371 1418 fastu
382 1335 461 1420 sure
476 1329 645 1424 exemplo
659 1325 838 1421 superavit
852 1321 974 1398 seculo
987 1319 1092 1395 XVI
1108 1320 1289 1396 Luthetus
1305 1320 1466 1398 aLeone
1480 1321 1517 1399 P.
1534 1323 1568 1398 X
1585 1325 1729 1407 damua-

280 1453 359 1516 tus:
385 1435 527 1510 demum
541 1427 643 1520 hujus
657 1422 763 1500 seculi
782 1425 887 1498 initio
905 1419 1104 1518 Janseuistae
1125 1417 1429 1508 aConllitutione
1446 1423 1640 1516 Clementis
1653 1427 1725 1523 XI,

281 1559 360 1636 quae
377 1533 502 1626 incipit
519 1527 709 1618 Unigenitus
733 1525 801 1598 Det·
819 1523 922 1598 illius
934 1519 978 1594 ad
992 1517 1195 1596 Concilium
1211 1525 1471 1599 oecumeuicum
1485 1527 1727 1622 appellabant,

220 1673 224 1679 ·
281 1656 386 1732 quam
399 1648 518 1704 tamen
532 1623 804 1720 Jansenillarum
818 1621 1058 1695 temeritatem
1072 1641 1118 1725 ue
1129 1619 1224 1692 Galli
1237 1622 1379 1711 quidem
1396 1627 1615 1714 probarunt,
1631 1626 1727 1707 haud

244 1777 248 1780 ·
277 1740 483 1834 ignorantes
509 1745 554 1800 en
574 1723 671 1796 avita
686 1719 758 1796 lide
780 1719 839 1792 sua
857 1717 1128 1796 delinitionibus
1148 1717 1366 1798 summotum
1384 1717 1604 1802 Pontificum
1622 1727 1730 1804 inter.
1835 1785 1840 1798 ,

195 1919 197 1924 ,
277 1853 360 1914 uam
374 1825 505 1908 ruentis
522 1818 769 1922 obedientiam
784 1817 919 1896 deberi.
1675 1826 1679 1834 ·

424 2150 460 2226 Si
476 2150 582 2248 igitur
597 2145 724 2222 divino
738 2147 818 2240 jnre
839 2164 884 2219 ex
903 2142 1009 2238 sacris
1018 2139 1230 2234 Scripturis,
1251 2135 1444 2222 &lanum
1456 2139 1655 2235 traditione
1671 2143 1730 2220 ha·

279 2253 403 2333 uenus
424 2245 674 2325 demonstrato
687 2245 846 2340 suprema
870 2240 921 2317 est
942 2238 1148 2336 apostolicae
1167 2239 1269 2314 Sedis
1295 2241 1332 2314 in
1353 2240 1549 2332 judicando
1571 2243 1728 2346 autboti·

280 2367 357 2444 tas,
390 2353 440 2426 ita
464 2365 505 2422 ut
529 2349 667 2422 nullum
695 2347 732 2420 in
754 2338 1187 2431 terrisdetursuperiua,
1215 2359 1290 2431 quo
1312 2341 1483 2434 appellari
1499 2339 1635 2434 posset,
1669 2347 1729 2418 tria

281 2454 410 2540 bunal,
442 2469 490 2524 ne
506 2443 661 2520 Concilii
681 2441 824 2537 quidem
845 2438 1073 2529 universalis3
1106 2435 1258 2531 quidde
1281 2439 1424 2524 illorum
1445 2437 1725 2534 Publicistarum,

278 2567 321 2630 ut
342 2545 515 2625 mitiffime
524 2545 673 2631 dicam,
706 2541 853 2619 audacia
873 2536 1118 2628 sentiendum,
1159 2537 1219 2630 qui
1240 2536 1277 2612 iu
1297 2558 1337 2612 re
1356 2551 1455 2614 mete
1480 2539 1724 2636 ecclesiastica,

280 2649 376 2742 quas
392 2648 456 2721 sub
472 2643 568 2716 inani
587 2643 695 2713 titulo
710 2643 750 2713 ab
761 2640 860 2730 abusu
876 2635 920 2712 ad
937 2637 1104 2710 secularia
1119 2688 1133 2726 ,
1163 2657 1166 2663 ·
1183 2636 1217 2709 dr
1234 2636 1417 2732 prophana
1433 2639 1624 2713 tribunalia
1640 2661 1726 2736 apo·

278 2747 413 2824 stolicae
430 2738 530 2816 Sedis
546 2737 757 2828 sententiam
776 2735 907 2810 deferri
924 2733 1024 2828 polle
1044 2733 1294 2826 contendunt,
1319 2735 1575 2830 probantque?
1599 2737 1724 2814 Nemi-

277 2865 363 2924 nem
382 2847 493 2929 ittet,
535 2857 638 2931 quam
661 2839 752 2912 mala
773 2831 845 2910 fide
865 2856 885 2910 a
904 2835 1027 2908 multia
1046 2831 1157 2907 hodie
1179 2855 1261 2910 cum
1279 2835 1368 2924 bac,
1412 2851 1474 2909 aut
1495 2835 1599 2920 simili¹
1619 2856 1723 2932 pute·

236 2937 240 2945 “
277 2944 375 3022 liatit
404 2935 644 3016 eccleliasticae
671 2937 898 3032 arrogatione
919 2933 1176 3043 jusfdvocatle
1200 2953 1283 3030 erga
1308 2931 1521 3028 Ecclesiam,
1559 2936 1657 3028 quod
1685 2939 1723 3013 in

278 3041 503 3136 Principibus
522 3029 678 3126 residet,
724 3032 993 3108 confundatur:
1032 3033 1127 3104 aliud
1152 3029 1204 3104 eli
1230 3034 1325 3106 enim
1360 3033 1424 3126 (dr
1444 3034 1517 3111 hoc
1536 3033 1721 3112 Advocati

277 3163 355 3222 nou
380 3126 546 3231 tamiris,
580 3153 685 3230 quam
707 3131 892 3223 officium)
924 3129 1135 3206 sententiam
1159 3133 1205 3203 ab
1222 3129 1387 3217 Ecclefiae
1409 3132 1572 3228 supremo
1592 3133 1722 3232 Capite

275 3246 384 3320 latam
399 3238 555 3316 fideliter
566 3235 742 3327 exsequi3
781 3231 877 3307 aliud
895 3249 1009 3319 vero,
1049 3227 1152 3322 quod
1166 3226 1326 3306 fidelium
1346 3251 1457 3306 nemo
1475 3231 1615 3328 potest,
1659 3233 1720 3310 suo

246 3351 250 3358 '
274 3342 412 3443 judicio
433 3337 633 3431 supremum
649 3329 817 3408 Eccleliae
833 3329 953 3425 Caput
974 3346 1181 3426 arroganter
1200 3331 1298 3402 velle
1321 3330 1502 3424 subjicere.
1553 3330 1720 3427 Princeps

276 3441 432 3540 gladium
450 3447 591 3530 portat,
615 3451 690 3524 quo
707 3431 777 3506 Dei
796 3429 989 3505 Ecclesiam
1007 3444 1134 3516 contra
1149 3426 1268 3503 hostes
1283 3431 1443 3524 ejusdem
1460 3447 1646 3529 protegat,
1673 3450 1720 3508 at·

276 3559 348 3632 que
370 3545 595 3629 propugnet,
621 3551 793 3623 nunquo
813 3531 947 3604 camin
975 3529 1042 3601 suis
1065 3527 1257 3602 visceribus
1276 3531 1464 3623 vulneret,
1491 3530 1718 3626 dilanietque.

168 3695 173 3703 .
276 3635 416 3712 Habuit
444 3630 572 3719 domus
599 3629 672 3702 Dei
701 3642 856 3704 armatos
885 3625 1074 3714 custodes,
1113 3627 1167 3698 uti
1192 3623 1487 3720 Constantinum,
1526 3629 1715 3722 Catulum,

234 3775 240 3782 -
277 3735 421 3828 Magnos
438 3729 568 3803 metito
586 3727 720 3818 didius,
754 3747 907 3820 quorum
925 3725 1097 3802 memoria
1111 3726 1149 3797 in
1166 3740 1336 3799 aternum
1355 3730 1533 3804 manebit:
1565 3729 1716 3806 sednon

277 3831 493 3917 defuerunt,
531 3827 592 3919 qui
607 3827 670 3902 sub
686 3825 846 3924 specioso
860 3823 1047 3900 Advocati
1065 3825 1214 3903 nomine
1233 3823 1315 3902 falti
1334 3825 1414 3904 suut
1428 3826 1550 3906 sande
1565 3827 1638 3907 Dei
1652 3828 1717 3906 Ee·

230 3983 237 3997 ·
276 3931 389 4010 clelie
408 3925 666 4026 persecutores.
1415 3927 1420 3938 ⁴
1462 3985 1466 3994 .
1538 3987 1569 3997 .,

710 4095 1277 4230 narrentusu
1366 4145 1370 4149 ¹
1490 4078 1492 4083 ’

324 4269 389 4350 De
413 4265 588 4369 historia
611 4266 863 4366 axiomatis.-
899 4265 1194 4393 Primn'Sedet
1216 4289 1239 4342 a
1260 4271 1417 4344 nemine
1433 4269 1666 4367 judicatur.

938 4436 981 4560 §0
1016 4464 1059 4541 1.
1161 4528 1164 4534 .

273 4585 398 4740 Hoc
421 4584 686 4680 vetustldimum
711 4583 788 4663 esse
803 4583 923 4664 saltem
943 4587 1030 4664 inde
1051 4609 1071 4664 a
1095 4591 1224 4684 quinto
1243 4589 1376 4668 seculo
1398 4588 1539 4667 aniona
1561 4587 1711 4669 summo

374 4711 452 4765 rum
476 4685 693 4765 Pontificum
716 4688 1015 4764 declarationibus
1038 4685 1237 4781 firmatum,
1261 4709 1319 4765 rer
1344 4689 1394 4764 est
1418 4711 1464 4764 ex
1491 4685 1635 4766 historia
1657 4709 1711 4764 ec·

273 4787 460 4866 clesrallica
484 4803 556 4864 tam
578 4805 680 4862 certo
701 4789 885 4882 explorata
895 4795 975 4876 Dur
1001 4785 1078 4862 eam
1102 4791 1164 4865 rel
1189 4789 1251 4888 ipli
1273 4789 1460 4864 adversarii
1484 4805 1616 4890 negate
1634 4807 1710 4864 non

275 4887 441 4964 audeant.
492 4889 616 4988 Quare
637 4886 733 4996 baud
758 4889 882 4968 abste
906 4885 1201 4996 serenissimo,
1237 4889 1343 4985 buius
1362 4890 1552 4966 axiomatis
1575 4886 1710 4962 biliori·

355 5013 361 5018 ·
415 5043 417 5048 ,
590 5003 621 5054 '-
774 5037 778 5050 ·
1008 5045 1016 5054 x
1585 5000 1665 5066 culn
