3942 6134
310 1085 382 1192 rio
829 1113 1163 1156 m

483 1329 512 1346 -v
631 1331 636 1339 ·
818 1345 823 1354 .
938 1285 942 1294 ’
987 1287 1056 1358 11.
1311 1347 1317 1356 .

412 1411 503 1489 Cum
522 1413 628 1510 igitur
641 1411 738 1485 inter
757 1263 969 1486 catholic&
995 1425 1097 1489 extra
1113 1429 1259 1490 omnem
1278 1410 1539 1487 dubitationem
1559 1377 1722 1507 politum=

266 1520 307 1596 srt
318 1519 375 1612 jus
388 1512 573 1590 Pontificio
594 1511 656 1586 suo
673 1511 838 1586 Primatui
855 1513 1031 1588 inhaerens
1038 1567 1050 1605 ,
1070 1517 1105 1589 in
1124 1513 1329 1590 universum
1346 1515 1472 1588 orbem
1489 1510 1714 1588 christianum

265 1617 434 1698 mittendi
453 1617 668 1710 Delegatos;
692 1610 764 1706 ipsa
786 1633 884 1689 nunc
902 1615 1017 1704 ratio,
1042 1635 1089 1688 ex
1105 1634 1173 1708 qua
1185 1616 1260 1690 hoc
1270 1613 1367 1688 idem
1381 1617 1439 1707 jus
1457 1615 1628 1707 profluit,
1651 1611 1717 1686 ssu-

167 1729 172 1736 “
265 1721 436 1894 gulariter
449 1714 565 1788 adhuc
582 1711 795 1788 confiderari
813 1727 989 1786 meretur:
1016 1735 1057 1787 ea
1080 1728 1200 1790 autem
1215 1717 1314 1789 nulla
1335 1712 1489 1804 aliaest,
1510 1713 1574 1790 nin
1593 1711 1717 1786 summi

296 1815 455 1894 ontificis
475 1818 511 1888 in
530 1813 689 1887 subditos
712 1813 793 1898 suos
812 1813 932 1885 ubivia
953 1827 1126 1888 terrarum
1145 1813 1366 1908 iurisdiilio,
1387 1833 1513 1906 quam,
1531 1830 1613 1886 cum
1632 1831 1721 1906 pre·

269 1919 349 1994 sena
362 1915 433 1992 elle
447 1915 599 1988 ubilibet
620 1916 786 1986 locorum
803 1931 879 1986 non
900 1909 1025 2014 pollina,
1050 1936 1117 2010 per
1130 1918 1219 1990 alios
1237 1913 1368 1988 debeat
1381 1932 1562 1986 exercere.
1601 1909 1723 1984 Ponti·

271 2016 350 2096 ficis
374 2037 465 2090 vero
482 2011 681 2108 jurisdictio
723 2025 900 2104 tamquam
918 2009 1054 2107 Capitis
1075 2016 1283 2090 universalis
1305 2035 1349 2087 ex
1370 2011 1543 2087 consensu
1561 2012 1725 2109 omnium

172 2131 178 2138 '
267 2119 435 2204 illorum,
457 2133 610 2205 quorum
634 2113 743 2186 hodie
767 2111 957 2188 aucloritas
982 2115 1174 2207 plurimum
1198 2117 1298 2187 valet
1324 2111 1546 2199 Doctorum,
1571 2127 1721 2184 exerere

269 2217 341 2296 sese
354 2211 492 2312 potest,
510 2211 632 2285 imo&
648 2213 757 2286 debet
770 2210 814 2284 ad
829 2215 1001 2286 unitatem
1015 2216 1053 2288 in
1067 2211 1160 2302 fide,
1177 2213 1212 2319 bg
1228 2213 1444 2309 disciplinam
1458 2211 1652 2286 secundum
1666 2228 1724 2281 ca·

250 2391 254 2398 ,
270 2337 389 2393 nones
401 2307 705 2391 conservandam:
725 2310 768 2384 ad
782 2311 879 2385 hunc
892 2333 978 2410 ergo
991 2311 1100 2387 finem
1115 2313 1353 2388 obtinendum
1365 2310 1520 2410 Legatos
1533 2309 1724 2404 cumjuris·

272 2417 430 2494 dllllone
449 2413 615 2512 delegata
629 2413 724 2488 mitti
737 2433 758 2488 a
772 2407 951 2489 Pontifice
966 2411 1116 2510 possein
1132 2409 1296 2490 consessu
1312 2409 1375 2488 est.

828 2636 832 2646 ·
937 2590 975 2708 §.
996 2613 1061 2685 12.

421 2733 638 2828 Cumporro
655 2750 739 2806 cura
752 2731 1008 2808 conservanda
1026 2736 1065 2808 in
1082 2735 1289 2833 regionibus
1308 2756 1404 2810 verae
1417 2731 1532 2824 fidei,
1557 2753 1599 2807 ac
1616 2727 1730 2806 bonae'

275 2837 417 2916 morum
433 2835 623 2929 discipline
640 2853 715 2908 non
736 2848 1053 2925 momentaneum,
1075 2857 1152 2911 noa
1170 2838 1341 2914 traofiens
1357 2836 1461 2912 unius
1476 2834 1569 2924 diei,
1590 2833 1724 2906 aonive

275 2939 485 3036 negotium,
499 2934 557 3010 sed
572 2933 695 3009 stabile
711 2953 753 3007 ac
768 2935 920 3008 omuino
934 2951 1149 3033 perpetuum
1166 2938 1228 3028 sit,
1245 2936 1397 3032 speciata
1416 2939 1476 3036 uel
1493 2934 1650 3030 generali
1668 2951 1726 3006 na

276 3055 364 3114 turae
385 3038 546 3116 humane
567 3033 611 3110 ad
634 3029 875 3108 deficiendum
893 3035 1146 3130 proclivitate,
1172 3039 1326 3131 nequid
1347 3038 1463 3111 dicam
1480 3033 1726 3130 delinguam,

278 3161 357 3232 quae
371 3139 501 3212 alicubi
511 3136 607 3210 sorte
620 3135 836 3224 invaluerit,
852 3127 1108 3229 corruptione,
1123 3136 1220 3230 quod
1235 3142 1365 3212 malum
1376 3135 1464 3232 saepe
1475 3130 1728 3208 tenacilllmum
1801 3146 1806 3153 ’

278 3238 405 3315 seculis
417 3239 480 3312 vix
493 3237 690 3330 reparabile
704 3232 776 3320 est3
799 3232 955 3327 sequitur
969 3234 1092 3309 summi
1105 3236 1314 3334 Inspelloris
1329 3239 1462 3332 pariter
1473 3233 1629 3308 officium
1644 3229 1730 3319 ess'e,

145 3405 149 3414 ,
280 3337 399 3416 diffitis'
412 3339 449 3410 in
463 3339 667 3433 regionibus
679 3333 820 3410 stabiles
833 3335 920 3410 loco
939 3335 999 3408 Sui
1019 3337 1276 3431 Speculatores&
1297 3333 1523 3434 Commifforios
1536 3329 1729 3406 constitue·

178 3497 184 3508 ,
277 3451 340 3528 re,'
376 3455 443 3532 pro
459 3442 598 3536 column
617 3438 835 3530 emergentia
855 3449 1092 3530 competente
1109 3437 1152 3510 ad
1170 3441 1301 3513 malum
1320 3433 1636 3530 subprimendum,
1674 3451 1732 3504 or·

259 3540 472 3628 *niuemque
488 3552 605 3609 rerum
626 3533 837 3610 servandum
852 3533 1098 3626 jurisdictione
1114 3539 1295 3630 praeditos.
1345 3535 1413 3609 Hia
1432 3532 1571 3610 accedit
1587 3530 1731 3608 univer·

190 3625 204 3650 “
279 3637 358 3714 salia
378 3633 544 3709 Ecclesrae
564 3633 739 3708 sententia
759 3635 831 3725 jam
854 3634 1033 3707 declarata
1054 3632 1109 3725 Ἴ,
1150 3659 1209 3710 cau
1233 3661 1269 3710 us
1293 3641 1444 3732 quasdam
1461 3637 1627 3730 grauiores
1636 3631 1731 3728 sum·

279 3759 406 3814 murum
424 3739 589 3810 dumtaxat
610 3729 801 3824 Pontificum
818 3735 936 3828 ludina
956 3728 1015 3830 affl
1030 3741 1142 3809 merito
1165 3633 1364 3833 refusionem.-
1405 3734 1448 3808 ad
1470 3733 1655 3830 graviores
1679 3749 1730 3801 er·

282 3857 336 3934 go
353 3833 471 3909 causas
492 3831 707 3920 reservttalo
746 3831 821 3920 fille
842 3831 997 3918 interni,
1034 3831 1109 3907 five
1132 3834 1480 3923 exterminarant,
1518 3852 1565 3905 eo
1587 3829 1729 3916 melius,

281 3937 496 4030 feliciusque
519 3930 760 4025 expediendas
788 3929 942 4028 delegari
967 3931 1067 4025 polle
1093 3956 1112 4007 a
1137 3934 1277 4010 summis
1299 3933 1535 4018 Pontificibus
1558 3928 1732 4040 quosdam

234 4047 239 4058 ’
280 4039 321 4113 in
345 4037 476 4110 extersa
496 4033 586 4106 locis
608 4033 808 4107 habitantes
822 4028 1061 4126 Commlffmus,
1089 4036 1166 4124 quis
1186 4033 1279 4110 sanae
1295 4037 1444 4109 rationis
1456 4035 1576 4108 bomo
1598 4027 1735 4104 inlicia-

281 4135 406 4214 bitur?
432 4135 607 4236 Quanam
626 4136 721 4206 enirn
744 4131 989 4221 conquerendi
1006 4131 1122 4210 caussa
1141 4133 1339 4210 ordinariis
1355 4137 1536 4222 locorum,
1561 4129 1600 4220 fi,
1626 4133 1746 4222 quam·

283 4240 347 4335 ipsa
369 4255 446 4334 noga
465 4234 623 4324 babent,
661 4229 874 4326 potestatem
900 4228 963 4304 suo
982 4232 1063 4323 jure
1085 4232 1253 4307 Pontifex
1277 4236 1337 4306 vel
1360 4256 1424 4328 per
1448 4232 1481 4306 se
1499 4228 1632 4325 ipsum,
1670 4228 1733 4300 vel

282 4359 349 4435 per
369 4337 466 4411 suum
491 4333 706 4430 Delegatum
729 4327 921 4405 exerceat?
961 4331 1085 4432 Quare
1106 4334 1143 4407 in
1165 4350 1356 4426 comperto
1378 4332 1429 4408 est
1451 4333 1485 4406 u
1507 4332 1658 4403 alterum
1676 4331 1732 4419 jus

282 4438 413 4530 ¹divino
435 4455 480 4507 ex
503 4431 658 4507 Primatu
682 4430 923 4521 descendens,
943 4451 1037 4528 „non
1061 4430 1172 4506 solum
1199 4434 1394 4528 Delegatoa
1418 4453 1498 4514 cum
1523 4425 1734 4520 iurisdiblio·

283 4559 346 4627 ne,
371 4532 512 4611 ledeos
531 4536 636 4606 etiam
655 4531 798 4606 stabiles
819 4545 891 4605 tam
912 4552 979 4624 pro
1000 4530 1132 4617 caussas,
1159 4547 1200 4608 ut
1221 4549 1371 4628 vocant,
1396 4534 1601 4617 columniis,
1628 4545 1733 4620 quam

285 4631 777 4730 conrmtiufirlucbrlllianum
796 4633 924 4708 orbem
948 4630 1151 4710 emittendi.
1685 4651 1693 4663 ·

1576 4831 1726 4933 §.135

288 4971 962 5003 *anunm—¹¹¹¹„

329 5123 335 5132 ⁸
362 5040 397 5118 ⁸)
423 5037 518 5101 Cone.
535 5039 832 5116 TridentSese·140
853 5031 972 5108 Came
1103 5037 1111 5062 ²
