3942 6134
208 1266 221 1283 ”
244 1230 518 1325 ΜΜΜΜΙ
543 1232 861 1333 &stimulatio
888 1236 1076 1326 proderitis
1097 1230 1225 1318 semi,
1244 1226 1456 1314 mm
1473 1228 1691 1321 Dm

48 1344 49 1351 Ν
125 1412 128 1425 ,
246 1330 1059 1457 twentlondnumnnaecopncnna
1114 1380 1120 1402 .
1278 1382 1281 1387 .
1689 1392 1698 1431 ,·

531 1512 537 1519 -
609 1516 614 1526 a
663 1514 665 1519 ·
854 1500 862 1525 Ι

747 1546 753 1558 y
882 1544 890 1554 η

886 1606 892 1613 ι

793 1650 797 1657 ι

930 1618 941 1640 ·
975 1580 995 1645 1
1029 1617 1043 1646 0

391 1693 607 1775 Miraculum
627 1717 718 1775 vero
736 1552 1129 1791 omniumirexisrnnm,
1152 1656 1252 1806 qnod
1264 1703 1369 1779 nobie
1385 1662 1509 1790 Isidori
1521 1678 1689 1802 Malligea

248 1781 466 1905 credendum
480 1800 693 1893 imponunt,
715 1798 865 1877 etlinun
880 1792 990 1911 ipsum
1007 1798 1164 1906 seculum
1179 1802 1347 1911 ottanum
1360 1806 1571 1907 nonumv'e,
1592 1798 1693 1897 quod

245 1900 290 1971 ab
302 1897 485 1970 hodienns
502 1892 644 1971 Criticis
659 1898 692 1971 lle
709 1898 905 1997 Philologis
930 1898 1136 1998 depingitur
1156 1909 1333 1997 tamquam
1359 1902 1465 1979 densa
1481 1902 1691 1999 ignorantia

142 2058 147 2072 .
191 2069 196 2078 ,
244 1998 343 2071 nube
356 1996 603 2087 obscuratum,
625 1998 719 2072 inter
735 2001 893 2093 reliquos
907 1998 1181 2076 idiotasomner
1197 1996 1495 2091 infelicibus'ovis
1512 1997 1687 2090 exclusos,

245 2098 306 2189 qui
319 2092 479 2171 mandem
490 2098 735 2173 tuncnoviter
751 2114 891 2189 natam,
907 2114 1006 2199 nunc
1021 2120 1113 2177 vero
1129 2100 1210 2193 post
1222 2123 1336 2177 annos
1352 2104 1450 2176 mille
1462 2100 1691 2195 propatulaut

244 2214 322 2271 non
336 2194 674 2287 animadverterint,
689 2218 798 2275 unum
812 2190 1097 2293 protutiffe‘albae
1108 2203 1246 2297 gallinae
1258 2200 1393 2293 filium,
1413 2197 1701 2275 scientiaomni'

199 2354 201 2359 .
245 2315 365 2393 genn,
377 2294 438 2368 seu
453 2292 564 2389 Poly·
579 2294 732 2370 historie
748 2300 980 2392 portentum,
995 2300 1183 2375 intersunt
1198 2317 1319 2377 tamen
1335 2299 1688 2397 planeincognitum,

186 2454 213 2487 .·
246 2396 292 2468 de
317 2397 418 2469 cuiun
442 2394 632 2471 existentla'
652 2396 848 2482 hodiedum
864 2398 1068 2495 dubitatur,
1092 2399 1263 2477 lsrdorum
1281 2402 1517 2487 Mercatorrm,
1542 2394 1691 2490 vaferriq

244 2516 342 2571 mum
361 2498 545 2584 omnium,
568 2508 752 2589 quotquot
774 2518 940 2595 umquam
963 2515 1057 2576 terra
1081 2496 1556 2604 tuterit,.fetieiffinumque
1574 2498 1691 2593 inipu-

243 2592 397 2685 storern‚
418 2597 622 2689 quippequi
633 2592 825 2669 Ecclesiam
840 2600 910 2673 Dei
923 2600 1025 2691 plura
1037 2620 1102 2693 per
1113 2599 1250 2690 secula,
1267 2619 1382 2693 prope
1396 2597 1577 2693 annisqu
1591 2596 1688 2668 mille

244 2692 440 2789 deceperit.
493 2694 590 2767 Dico
605 2695 684 2787 plus
701 2712 805 2787 quam
823 2694 984 2769 humane
1000 2695 1242 2784 ferentinae
1257 2701 1458 2795 omnigene
1476 2694 1686 2768 eruditionis

241 2794 280 2867 in
297 2798 404 2867 rebus
416 2791 576 2889 profanis
591 2812 712 2884 eque,
729 2813 771 2866 ac
786 2788 889 2868 saeris
903 2810 1114 2889 portentum
1131 2796 1201 2872 erte
1214 2795 1370 2871 debuisse
1386 2798 1487 2869 illum
1502 2792 1689 2885 lfidorurn,

242 2892 528 2989 fideceptorem.
562 2890 743 2966 Blondelli
763 2895 882 2988 euim,
904 2896 964 2987 qni
981 2894 1077 2969 illiue
1093 2900 1154 2971 vel
1175 2894 1322 2995 vestigia
1338 2890 1476 2993 pressit,
1496 2892 1689 2967 herculeus

243 3010 320 3069 non
336 2998 517 3069 immerito
533 2993 636 3065 labor
651 2988 1008 3087 censetur‚'eoquod
1020 2994 1091 3069 *ille
1108 2994 1224 3071 studio
1239 2994 1396 3088 quodam
1414 2993 1686 3087 incomparabili

242 3096 404 3169 omniurn
427 3091 504 3165 sere
517 3093 744 3183 antiquorum
759 3088 991 3185 Pontificum,
1010 3090 1175 3190 Petrum,
1198 3094 1469 3185 conciliorum
1487 3086 1689 3165 Historico·

242 3212 343 3285 tum,
358 3188 593 3285 aliaqueinde
607 3210 626 3263 u
639 3207 767 3283 quarto
782 3188 902 3266 seculo
915 3194 1044 3269 litteris
1057 3197 1260 3294 consignata
1273 3192 1438 3273 Eccleliae
1450 3202 1687 3267 monumenta

242 3290 425 3383 lustravit,
446 3304 553 3384 atque
570 3310 615 3364 ex
631 3292 671 3363 iis
686 3290 844 3386 phrtsen
861 3287 903 3367 ac
915 3292 1088 3385 periodos
1106 3296 1289 3391 parallelae
1306 3294 1350 3367 ad
1364 3290 1684 3381 confrontandum,

241 3406 287 3466 ut·
296 3392 477 3489 sperabat,
504 3388 675 3465 lsrdorum
693 3389 888 3484 excerptim
913 3413 1019 3484 quem
1036 3390 1160 3489 postea
1175 3396 1336 3468 laborem
1352 3392 1521 3467 Labbeus
1539 3388 1682 3482 amplia·

240 3494 298 3566 vit
307 3491 431 3583 ,ahaud
447 3486 577 3587 dubie,
595 3488 618 3562 fi
632 3490 752 3584 plures
766 3491 835 3564 viri
849 3488 943 3565 torn
957 3492 1127 3588 idoperte
1138 3495 1176 3568 in
1190 3492 1225 3566 se
1239 3491 1473 3587 susciperent,
1486 3491 1605 3564 adhuc
1616 3506 1685 3563 ant·

240 3591 437 3687 pl-iandum.
488 3586 629 3691 Quodll
649 3602 788 3664 tantum
813 3610 906 3684 opus
928 3588 999 3681 cli,
1026 3590 1150 3668 llidori
1169 3594 1229 3663 vel
1252 3588 1396 3685 vestigia
1417 3587 1536 3680 sequi,
1561 3603 1603 3662 ut
1622 3590 1683 3661 im·

238 3686 397 3766 mensum
415 3692 594 3781 quoddam
617 3688 829 3780 eruditionis
847 3708 943 3762 mare
961 3688 1146 3781 perfretari
1161 3702 1352 3781 oporteat3
1375 3687 1412 3760 id
1424 3698 1523 3761 nuuc
1537 3686 1682 3779 quidem

239 3790 277 3863 in
292 3788 488 3862 abundanti
498 3789 800 3862 documentorum
814 3789 908 3879 typis
921 3784 1166 3878 inpressorum
1181 3789 1306 3881 copia,
1321 3788 1408 3860 licet
1421 3806 1498 3860 non
1510 3786 1583 3861 line
1595 3784 1687 3859 sum·

219 3904 222 3913 ’
238 3906 302 3965 tno
312 3888 436 3961 labore
449 3884 525 3961 fieri
537 3886 674 3983 potest:
691 3889 759 3961 illis
770 3906 859 3957 vero
874 3884 1027 3978 antiquis
1039 3889 1283 3981 temporibus,
1299 3874 1361 3961 ubi
1375 3904 1451 3960 arte
1460 3885 1580 3981 typica
1591 3903 1683 3959 non·

127 4028 133 4033 -
240 3987 512 4079 domininon,
539 3990 658 4060 rnulto
680 3986 792 4061 rarior
805 3981 1056 4079 difficiliorque
1070 3981 1153 4063 ¹fuit.
1167 3988 1340 4061 librorum
1361 3984 1695 4080 manuscriptorum

48 4118 50 4145 ι
114 4168 119 4177 ,
241 4088 369 4183 copia,
389 4086 474 4161 hine
490 4082 684 4161 necessario
710 4086 816 4159 etiam
834 4082 1058 4169 constrictior
1078 4084 1207 4177 lectio,
1231 4104 1339 4179 atque
1354 4086 1529 4176 eruditi03
1555 4102 1683 4159 nonne

239 4187 346 4261 sentis
368 4172 414 4260 te'
424 4185 562 4261 Isidoro
583 4204 675 4278 opus
695 4180 861 4279 effingere
877 4186 1040 4260 humanit
1058 4188 1196 4261 viribus
1217 4189 1333 4259 rnultn
1354 4189 1516 4281 gravina,
1535 4185 1692 4277 qui·irn··

221 4286 357 4361 mensa
373 4286 524 4378 quadan
542 4283 872 4359 lenioneonniun
890 4284 966 4358 fere
981 4287 1211 4379 antiquorum
1226 4283 1353 4379 scripta
1370 4286 1604 4377 expilaverit,
1628 4299 1680 4357 at·
1776 4370 1781 4385 ‚
1826 4297 1830 4304 ·

237 4405 310 4475 que
331 4382 439 4459 fr'ustn
462 4384 539 4461 haec
554 4400 723 4478 excerpta
738 4404 814 4459 non
835 4382 947 4462 solunt
961 4390 1118 4479 mappae
1132 4399 1234 4461 extra
1248 4381 1545 4475 suunordinern,
1568 4394 1687 4475 prout:

48 4418 53 4483 'g
162 4494 165 4497 ·
237 4480 449 4559 Blondellnr
466 4484 500 4557 dt
516 4484 682 4559 Labbeus
701 4484 886 4576 fecerunt,
914 4480 1131 4576 disperserit,
1155 4482 1330 4577 sedquod
1349 4484 1468 4557 multo
1484 4482 1619 4575 majus,
1644 4480 1682 4554 dt

236 4602 356 4673 neque
374 4578 605 4671 Bloudellus‚
630 4602 749 4677 neque
758 4570 930 4657 'tannen
954 4582 1075 4657 swere
1089 4596 1310 4675 potuerunt,
1321 4584 1495 4678 syntlttire
1512 4582 1548 4653 in
1566 4598 1680 4654 unum

48 4654 50 4667 ’
149 4754 152 4758 .
235 4702 368 4776 corpus
384 4696 502 4755 toturn
519 4685 726 4777 collegerit,
748 4682 785 4755 in
802 4682 874 4753 tale
889 4693 1032 4771 toturn,
1050 4682 1356 4776 quod-primitive
1372 4678 1539 4753 Eccleliae
1549 4676 1680 4754 statum

233 4782 423 4869 locorum,
438 4794 663 4873 temporum,
681 4776 930 4871 personarum,
945 4785 1200 4878 negotiorum,
1216 4776 1600 4864 &circumstantiarum
1615 4776 1681 4853 fin·

235 4880 383 4973 gillatlm
396 4876 561 4956 indicatis
578 4878 933 4957 denominationibus
949 4878 1241 4977 representaret,
1257 4892 1366 4976 atque
1380 4878 1453 4959 hoc
1461 4892 1679 4955 attentatum

980 5025 985 5031 ·
1555 4993 1630 5057 lim
