<?xml version="1.0" encoding="UTF-8"?>
<!DOCTYPE html PUBLIC "-//W3C//DTD XHTML 1.0 Transitional//EN"
    "http://www.w3.org/TR/xhtml1/DTD/xhtml1-transitional.dtd">
<html xmlns="http://www.w3.org/1999/xhtml" xml:lang="en" lang="en">
 <head>
  <title>
</title>
<meta http-equiv="Content-Type" content="text/html;charset=utf-8" />
  <meta name='ocr-system' content='tesseract 3.04.00' />
  <meta name='ocr-capabilities' content='ocr_page ocr_carea ocr_par ocr_line ocrx_word'/>
</head>
<body>
  <div class='ocr_page' id='page_1' title='image "./quisestpetrusse00frgoog_0209.png"; bbox 0 0 3942 6134; ppageno 0'>
   <div class='ocr_carea' id='block_1_1' title="bbox 204 1004 221 1017">
    <p class='ocr_par' dir='ltr' id='par_1_1' title="bbox 103 873 312 1429">
     <span class='ocr_line' id='line_1_1' title="bbox 204 1004 221 1017; baseline 0.01 -103.033"><span class='ocrx_word' id='word_1_1' title='bbox 204 1004 221 1017; x_wconf 59' lang='lat'><strong><em>„</em></strong></span> 
     </span>
    </p>
   </div>
   <div class='ocr_carea' id='block_1_2' title="bbox 229 1218 1686 1367">
    <p class='ocr_par' dir='ltr' id='par_1_2' title="bbox 229 1218 1686 1367">
     <span class='ocr_line' id='line_1_2' title="bbox 229 1218 1686 1367; baseline 0.024 -38"><span class='ocrx_word' id='word_1_2' title='bbox 229 1270 327 1365; x_wconf 67' lang='lat' dir='ltr'><strong>„tire</strong></span> <span class='ocrx_word' id='word_1_3' title='bbox 348 1284 425 1347; x_wconf 81' lang='lat' dir='ltr'><strong>non</strong></span> <span class='ocrx_word' id='word_1_4' title='bbox 447 1262 658 1365; x_wconf 76' lang='lat' dir='ltr'><strong>possumus,</strong></span> <span class='ocrx_word' id='word_1_5' title='bbox 698 1254 818 1365; x_wconf 77' lang='lat' dir='ltr'><strong>doned</strong></span> <span class='ocrx_word' id='word_1_6' title='bbox 842 1286 907 1359; x_wconf 90' lang='lat' dir='ltr'><strong>per</strong></span> <span class='ocrx_word' id='word_1_7' title='bbox 931 1264 1088 1367; x_wconf 78' lang='lat' dir='ltr'>Legatos</span> <span class='ocrx_word' id='word_1_8' title='bbox 1109 1218 1273 1363; x_wconf 77' lang='lat' dir='ltr'><strong>nollens,</strong></span> <span class='ocrx_word' id='word_1_9' title='bbox 1308 1272 1393 1366; x_wconf 83' lang='lat' dir='ltr'><strong>quid</strong></span> <span class='ocrx_word' id='word_1_10' title='bbox 1414 1274 1545 1361; x_wconf 68' lang='lat' dir='ltr'><strong>insshac</strong></span> <span class='ocrx_word' id='word_1_11' title='bbox 1568 1282 1686 1363; x_wconf 79' lang='lat' dir='ltr'><strong>causs&#39;a</strong></span> 
     </span>
    </p>
   </div>
   <div class='ocr_carea' id='block_1_3' title="bbox 104 1364 1683 1465">
    <p class='ocr_par' dir='ltr' id='par_1_3' title="bbox 104 1364 1683 1465">
     <span class='ocr_line' id='line_1_3' title="bbox 104 1364 1683 1465; baseline 0.015 -28"><span class='ocrx_word' id='word_1_12' title='bbox 104 1432 105 1437; x_wconf 15' lang='lat' dir='ltr'><strong>r</strong></span> <span class='ocrx_word' id='word_1_13' title='bbox 226 1368 370 1465; x_wconf 78' lang='lat' dir='ltr'><strong>„adium</strong></span> <span class='ocrx_word' id='word_1_14' title='bbox 391 1366 458 1457; x_wconf 66' lang='lat' dir='ltr'><strong>fit,</strong></span> <span class='ocrx_word' id='word_1_15' title='bbox 501 1367 545 1443; x_wconf 90' lang='lat' dir='ltr'><strong>ad</strong></span> <span class='ocrx_word' id='word_1_16' title='bbox 567 1386 635 1443; x_wconf 80' lang='lat' dir='ltr'><strong>noa</strong></span> <span class='ocrx_word' id='word_1_17' title='bbox 655 1366 806 1443; x_wconf 87' lang='lat' dir='ltr'><strong>relatum</strong></span> <span class='ocrx_word' id='word_1_18' title='bbox 828 1364 946 1441; x_wconf 81' lang='lat' dir='ltr'><strong>luerit</strong></span> <span class='ocrx_word' id='word_1_19' title='bbox 997 1367 1121 1461; x_wconf 85' lang='lat' dir='ltr'><strong>Atque</strong></span> <span class='ocrx_word' id='word_1_20' title='bbox 1145 1370 1241 1444; x_wconf 89' lang='lat' dir='ltr'><strong>utin</strong></span> <span class='ocrx_word' id='word_1_21' title='bbox 1261 1376 1429 1449; x_wconf 79' lang='lat' dir='ltr'><strong>omnibus</strong></span> <span class='ocrx_word' id='word_1_22' title='bbox 1452 1377 1567 1453; x_wconf 76' lang='lat' dir='ltr'><strong>reditu</strong></span> <span class='ocrx_word' id='word_1_23' title='bbox 1586 1384 1683 1461; x_wconf 91' lang='lat' dir='ltr'><strong>ordo</strong></span> 
     </span>
    </p>
   </div>
   <div class='ocr_carea' id='block_1_4' title="bbox 222 1466 1857 1685">
    <p class='ocr_par' dir='ltr' id='par_1_4' title="bbox 103 1458 1857 1685">
     <span class='ocr_line' id='line_1_4' title="bbox 225 1466 1857 1573; baseline 0.011 -28.678"><span class='ocrx_word' id='word_1_24' title='bbox 225 1468 439 1567; x_wconf 59' lang='lat' dir='ltr'><strong>„serverum</strong></span> <span class='ocrx_word' id='word_1_25' title='bbox 463 1468 632 1557; x_wconf 82' lang='lat' dir='ltr'><strong>uolumus,</strong></span> <span class='ocrx_word' id='word_1_26' title='bbox 658 1480 699 1543; x_wconf 88' lang='lat' dir='ltr'><strong>ut</strong></span> <span class='ocrx_word' id='word_1_27' title='bbox 717 1466 874 1565; x_wconf 81' lang='lat' dir='ltr'><strong>ignatius</strong></span> <span class='ocrx_word' id='word_1_28' title='bbox 893 1470 932 1541; x_wconf 92' lang='lat' dir='ltr'><strong>in</strong></span> <span class='ocrx_word' id='word_1_29' title='bbox 952 1466 1144 1560; x_wconf 71' lang='lat' dir='ltr'><strong>conspectu</strong></span> <span class='ocrx_word' id='word_1_30' title='bbox 1159 1466 1377 1567; x_wconf 65' lang='lat' dir='ltr'><strong>legatorum</strong></span> <span class='ocrx_word' id='word_1_31' title='bbox 1398 1471 1622 1573; x_wconf 84' lang='lat' dir='ltr'><strong>nostrornm,</strong></span> <span class='ocrx_word' id='word_1_32' title='bbox 1646 1484 1683 1559; x_wconf 81' lang='lat' dir='ltr'><strong>dc</strong></span> <span class='ocrx_word' id='word_1_33' title='bbox 1841 1472 1857 1495; x_wconf 79' lang='lat'><strong><em>‘</em></strong></span> 
     </span>
     <span class='ocr_line' id='line_1_5' title="bbox 222 1560 1710 1685; baseline 0.014 -48.297"><span class='ocrx_word' id='word_1_34' title='bbox 222 1568 372 1663; x_wconf 73' lang='lat' dir='ltr'><strong>„totius</strong></span> <span class='ocrx_word' id='word_1_35' title='bbox 400 1562 555 1643; x_wconf 86' lang='lat' dir='ltr'><strong>Concilii</strong></span> <span class='ocrx_word' id='word_1_36' title='bbox 591 1569 726 1641; x_wconf 86' lang='lat' dir='ltr'><strong>veniat.</strong></span> <span class='ocrx_word' id='word_1_37' title='bbox 752 1617 796 1632; x_wconf 82' lang='lat'><strong>-.</strong></span> <span class='ocrx_word' id='word_1_38' title='bbox 842 1560 942 1641; x_wconf 89' lang='lat' dir='ltr'><strong>Tum</strong></span> <span class='ocrx_word' id='word_1_39' title='bbox 970 1564 997 1639; x_wconf 85' lang='lat' dir='ltr'>fi</span> <span class='ocrx_word' id='word_1_40' title='bbox 1027 1570 1148 1641; x_wconf 91' lang='lat' dir='ltr'><strong>omnia</strong></span> <span class='ocrx_word' id='word_1_41' title='bbox 1178 1570 1285 1672; x_wconf 81' lang='lat' dir='ltr'><strong>pubis</strong></span> <span class='ocrx_word' id='word_1_42' title='bbox 1316 1570 1451 1647; x_wconf 90' lang='lat' dir='ltr'><strong>fuerint</strong></span> <span class='ocrx_word' id='word_1_43' title='bbox 1477 1572 1710 1685; x_wconf 34' lang='lat' dir='ltr'><strong>fignificat&amp;</strong></span> 
     </span>
    </p>
   </div>
   <div class='ocr_carea' id='block_1_5' title="bbox 103 1720 105 1729">
    <p class='ocr_par' dir='ltr' id='par_1_5' title="bbox 103 1720 105 1729">
     <span class='ocr_line' id='line_1_6' title="bbox 103 1720 105 1729; baseline 0 0"><span class='ocrx_word' id='word_1_44' title='bbox 103 1720 105 1729; x_wconf 77' lang='lat' dir='ltr'><strong>r</strong></span> 
     </span>
    </p>
   </div>
   <div class='ocr_carea' id='block_1_6' title="bbox 218 1662 1686 2065">
    <p class='ocr_par' dir='ltr' id='par_1_6' title="bbox 218 1662 1686 2065">
     <span class='ocr_line' id='line_1_7' title="bbox 222 1662 1686 1771; baseline 0.01 -31"><span class='ocrx_word' id='word_1_45' title='bbox 222 1667 342 1761; x_wconf 84' lang='lat' dir='ltr'><strong>„quid</strong></span> <span class='ocrx_word' id='word_1_46' title='bbox 367 1686 434 1763; x_wconf 84' lang='lat' dir='ltr'><strong>pro</strong></span> <span class='ocrx_word' id='word_1_47' title='bbox 455 1688 542 1760; x_wconf 90' lang='lat' dir='ltr'><strong>pace</strong></span> <span class='ocrx_word' id='word_1_48' title='bbox 561 1662 728 1741; x_wconf 78' lang='lat' dir='ltr'><strong>Ecclesiae</strong></span> <span class='ocrx_word' id='word_1_49' title='bbox 750 1662 875 1739; x_wconf 72' lang='lat' dir='ltr'><strong>vestre</strong></span> <span class='ocrx_word' id='word_1_50' title='bbox 897 1663 1074 1763; x_wconf 85' lang='lat' dir='ltr'><strong>agendum</strong></span> <span class='ocrx_word' id='word_1_51' title='bbox 1099 1666 1162 1754; x_wconf 81' lang='lat' dir='ltr'><strong>sit,</strong></span> <span class='ocrx_word' id='word_1_52' title='bbox 1200 1668 1362 1763; x_wconf 76' lang='lat' dir='ltr'><strong>apostolico</strong></span> <span class='ocrx_word' id='word_1_53' title='bbox 1377 1674 1541 1748; x_wconf 77' lang='lat' dir='ltr'><strong>Sandioor</strong></span> <span class='ocrx_word' id='word_1_54' title='bbox 1558 1676 1686 1771; x_wconf 74' lang='lat' dir='ltr'><strong>defima-</strong></span> 
     </span>
     <span class='ocr_line' id='line_1_8' title="bbox 218 1761 1686 1863; baseline 0.004 -25"><span class='ocrx_word' id='word_1_55' title='bbox 218 1771 367 1859; x_wconf 58' lang='grc' dir='ltr'><strong>,Μεθ’</strong></span> <span class='ocrx_word' id='word_1_56' title='bbox 418 1762 561 1863; x_wconf 82' lang='lat' dir='ltr'><strong>Legatia</strong></span> <span class='ocrx_word' id='word_1_57' title='bbox 581 1761 684 1861; x_wconf 72' lang='lat' dir='ltr'><strong>Papae</strong></span> <span class='ocrx_word' id='word_1_58' title='bbox 705 1762 1024 1861; x_wconf 86' lang='lat' dir='ltr'><strong>Constantinopoli</strong></span> <span class='ocrx_word' id='word_1_59' title='bbox 1045 1764 1297 1859; x_wconf 73' lang='lat' dir='ltr'><strong>presentium,</strong></span> <span class='ocrx_word' id='word_1_60' title='bbox 1324 1768 1382 1843; x_wconf 84' lang='lat' dir='ltr'><strong>sed</strong></span> <span class='ocrx_word' id='word_1_61' title='bbox 1401 1770 1436 1843; x_wconf 84' lang='lat' dir='ltr'><strong>dt</strong></span> <span class='ocrx_word' id='word_1_62' title='bbox 1455 1768 1574 1847; x_wconf 89' lang='lat' dir='ltr'><strong>Photii</strong></span> <span class='ocrx_word' id='word_1_63' title='bbox 1593 1776 1686 1856; x_wconf 86' lang='lat' dir='ltr'><strong>solli.</strong></span> 
     </span>
     <span class='ocr_line' id='line_1_9' title="bbox 220 1860 1683 1967; baseline 0.006 -26"><span class='ocrx_word' id='word_1_64' title='bbox 220 1866 403 1953; x_wconf 82' lang='lat' dir='ltr'><strong>citatione</strong></span> <span class='ocrx_word' id='word_1_65' title='bbox 423 1865 601 1963; x_wconf 78' lang='lat' dir='ltr'>corruptis</span> <span class='ocrx_word' id='word_1_66' title='bbox 615 1864 650 1942; x_wconf 99' lang='grc'><strong>8.</strong></span> <span class='ocrx_word' id='word_1_67' title='bbox 663 1860 863 1940; x_wconf 86' lang='lat' dir='ltr'><strong>Patriarcha</strong></span> <span class='ocrx_word' id='word_1_68' title='bbox 879 1861 1038 1960; x_wconf 79' lang='lat' dir='ltr'><strong>ignatius</strong></span> <span class='ocrx_word' id='word_1_69' title='bbox 1057 1863 1103 1937; x_wconf 84' lang='lat' dir='ltr'><strong>ad</strong></span> <span class='ocrx_word' id='word_1_70' title='bbox 1118 1864 1229 1961; x_wconf 89' lang='lat' dir='ltr'><strong>ipsum</strong></span> <span class='ocrx_word' id='word_1_71' title='bbox 1246 1862 1373 1961; x_wconf 80' lang='lat' dir='ltr'><strong>Papam</strong></span> <span class='ocrx_word' id='word_1_72' title='bbox 1391 1874 1609 1967; x_wconf 84' lang='lat' dir='ltr'><strong>appellavit,</strong></span> <span class='ocrx_word' id='word_1_73' title='bbox 1632 1879 1683 1957; x_wconf 85' lang='lat' dir='ltr'><strong>in·</strong></span> 
     </span>
     <span class='ocr_line' id='line_1_10' title="bbox 220 1962 1682 2065; baseline 0.008 -28"><span class='ocrx_word' id='word_1_74' title='bbox 220 1967 379 2057; x_wconf 77' lang='lat' dir='ltr'><strong>quiens:</strong></span> <span class='ocrx_word' id='word_1_75' title='bbox 416 1964 537 2043; x_wconf 79' lang='lat' dir='ltr'><strong>Ducite</strong></span> <span class='ocrx_word' id='word_1_76' title='bbox 556 1988 605 2040; x_wconf 82' lang='lat' dir='ltr'><strong>ma</strong></span> <span class='ocrx_word' id='word_1_77' title='bbox 625 1966 668 2039; x_wconf 86' lang='lat' dir='ltr'><strong>od</strong></span> <span class='ocrx_word' id='word_1_78' title='bbox 682 1962 827 2065; x_wconf 81' lang='lat' dir='ltr'><em>Papam,</em></span> <span class='ocrx_word' id='word_1_79' title='bbox 865 1966 955 2059; x_wconf 84' lang='lat' dir='ltr'><strong>cujus</strong></span> <span class='ocrx_word' id='word_1_80' title='bbox 967 1965 1127 2056; x_wconf 53' lang='lat' dir='ltr'><strong>,iodicium</strong></span> <span class='ocrx_word' id='word_1_81' title='bbox 1151 1963 1260 2043; x_wconf 71' lang='lat' dir='ltr'><strong>ulans</strong></span> <span class='ocrx_word' id='word_1_82' title='bbox 1271 1970 1417 2061; x_wconf 60' lang='lat' dir='ltr'><strong>fitilla</strong></span> <span class='ocrx_word' id='word_1_83' title='bbox 1450 1968 1551 2047; x_wconf 84' lang='lat' dir='ltr'>Idem</span> <span class='ocrx_word' id='word_1_84' title='bbox 1574 1974 1609 2049; x_wconf 91' lang='grc'><strong>8.</strong></span> <span class='ocrx_word' id='word_1_85' title='bbox 1622 1974 1682 2055; x_wconf 77' lang='lat' dir='ltr'><strong>Pa·</strong></span> 
     </span>
    </p>
   </div>
   <div class='ocr_carea' id='block_1_7' title="bbox 184 2058 1683 2159">
    <p class='ocr_par' dir='ltr' id='par_1_7' title="bbox 184 2058 1683 2159">
     <span class='ocr_line' id='line_1_11' title="bbox 184 2058 1683 2159; baseline 0.009 -23"><span class='ocrx_word' id='word_1_86' title='bbox 184 2100 189 2107; x_wconf 94' lang='lat'><strong>·</strong></span> <span class='ocrx_word' id='word_1_87' title='bbox 220 2060 380 2141; x_wconf 86' lang='lat' dir='ltr'><strong>triarcha</strong></span> <span class='ocrx_word' id='word_1_88' title='bbox 393 2066 433 2138; x_wconf 93' lang='lat' dir='ltr'><strong>in</strong></span> <span class='ocrx_word' id='word_1_89' title='bbox 453 2062 612 2159; x_wconf 80' lang='lat' dir='ltr'><strong>epistolia</strong></span> <span class='ocrx_word' id='word_1_90' title='bbox 632 2076 736 2137; x_wconf 86' lang='lat' dir='ltr'><strong>antea</strong></span> <span class='ocrx_word' id='word_1_91' title='bbox 756 2060 800 2136; x_wconf 91' lang='lat' dir='ltr'><strong>ad</strong></span> <span class='ocrx_word' id='word_1_92' title='bbox 818 2060 1018 2159; x_wconf 85' lang='lat' dir='ltr'><strong>Episcopus</strong></span> <span class='ocrx_word' id='word_1_93' title='bbox 1034 2058 1307 2152; x_wconf 73' lang='lat' dir='ltr'><strong>midiaadduxit</strong></span> <span class='ocrx_word' id='word_1_94' title='bbox 1324 2066 1552 2147; x_wconf 84' lang='lat' dir='ltr'><strong>Decretaiem</strong></span> <span class='ocrx_word' id='word_1_95' title='bbox 1571 2070 1683 2154; x_wconf 85' lang='lat' dir='ltr'><strong>inno.</strong></span> 
     </span>
    </p>
   </div>
   <div class='ocr_carea' id='block_1_8' title="bbox 217 2159 1811 2658">
    <p class='ocr_par' dir='ltr' id='par_1_8' title="bbox 217 2159 1811 2658">
     <span class='ocr_line' id='line_1_12' title="bbox 218 2159 1685 2259; baseline 0.005 -22"><span class='ocrx_word' id='word_1_96' title='bbox 218 2165 334 2237; x_wconf 85' lang='lat' dir='ltr'><strong>centii</strong></span> <span class='ocrx_word' id='word_1_97' title='bbox 351 2162 388 2237; x_wconf 86' lang='lat' dir='ltr'><strong>l’.</strong></span> <span class='ocrx_word' id='word_1_98' title='bbox 408 2184 474 2259; x_wconf 87' lang='lat' dir='ltr'><strong>pro</strong></span> <span class='ocrx_word' id='word_1_99' title='bbox 498 2162 613 2239; x_wconf 80' lang='lat' dir='ltr'><strong>cauffo</strong></span> <span class='ocrx_word' id='word_1_100' title='bbox 631 2160 667 2238; x_wconf 89' lang='grc'><strong>8.</strong></span> <span class='ocrx_word' id='word_1_101' title='bbox 677 2159 936 2257; x_wconf 79' lang='lat' dir='ltr'><strong>chrysostomi,</strong></span> <span class='ocrx_word' id='word_1_102' title='bbox 962 2162 1093 2253; x_wconf 87' lang='lat' dir='ltr'><strong>pariter</strong></span> <span class='ocrx_word' id='word_1_103' title='bbox 1110 2180 1274 2253; x_wconf 88' lang='lat' dir='ltr'><strong>quartum</strong></span> <span class='ocrx_word' id='word_1_104' title='bbox 1295 2162 1479 2246; x_wconf 78' lang='lat' dir='ltr'><strong>Cononem</strong></span> <span class='ocrx_word' id='word_1_105' title='bbox 1497 2171 1685 2255; x_wconf 79' lang='lat' dir='ltr'>sardicen.</span> 
     </span>
     <span class='ocr_line' id='line_1_13' title="bbox 221 2258 1811 2372; baseline 0.008 -35"><span class='ocrx_word' id='word_1_106' title='bbox 221 2260 320 2355; x_wconf 85' lang='lat' dir='ltr'><strong>sem,</strong></span> <span class='ocrx_word' id='word_1_107' title='bbox 360 2266 397 2338; x_wconf 88' lang='lat' dir='ltr'><strong>vi</strong></span> <span class='ocrx_word' id='word_1_108' title='bbox 416 2263 517 2355; x_wconf 80' lang='lat' dir='ltr'><strong>cujus</strong></span> <span class='ocrx_word' id='word_1_109' title='bbox 534 2265 710 2337; x_wconf 87' lang='lat' dir='ltr'><strong>inlocum</strong></span> <span class='ocrx_word' id='word_1_110' title='bbox 728 2260 879 2355; x_wconf 82' lang='lat' dir='ltr'><strong>depofiti</strong></span> <span class='ocrx_word' id='word_1_111' title='bbox 896 2258 1087 2355; x_wconf 83' lang='lat' dir='ltr'><strong>Episcopi,</strong></span> <span class='ocrx_word' id='word_1_112' title='bbox 1125 2264 1185 2352; x_wconf 87' lang='lat' dir='ltr'><strong>qui</strong></span> <span class='ocrx_word' id='word_1_113' title='bbox 1202 2263 1399 2341; x_wconf 89' lang='lat' dir='ltr'><strong>defendere</strong></span> <span class='ocrx_word' id='word_1_114' title='bbox 1420 2266 1454 2340; x_wconf 83' lang='lat' dir='ltr'><strong>se</strong></span> <span class='ocrx_word' id='word_1_115' title='bbox 1470 2274 1564 2365; x_wconf 86' lang='lat' dir='ltr'><strong>apud</strong></span> <span class='ocrx_word' id='word_1_116' title='bbox 1581 2276 1682 2372; x_wconf 82' lang='lat' dir='ltr'><strong>lupe.</strong></span> <span class='ocrx_word' id='word_1_117' title='bbox 1805 2320 1811 2331; x_wconf 84' lang='lat'><strong>·</strong></span> 
     </span>
     <span class='ocr_line' id='line_1_14' title="bbox 217 2360 1682 2466; baseline 0.005 -29"><span class='ocrx_word' id='word_1_118' title='bbox 217 2366 293 2437; x_wconf 74' lang='lat' dir='ltr'><strong>rius</strong></span> <span class='ocrx_word' id='word_1_119' title='bbox 316 2364 470 2437; x_wconf 75' lang='lat' dir='ltr'><strong>tribuml</strong></span> <span class='ocrx_word' id='word_1_120' title='bbox 491 2362 605 2451; x_wconf 89' lang='lat' dir='ltr'><strong>velit,</strong></span> <span class='ocrx_word' id='word_1_121' title='bbox 641 2380 717 2443; x_wconf 89' lang='lat' dir='ltr'><strong>non</strong></span> <span class='ocrx_word' id='word_1_122' title='bbox 738 2360 871 2435; x_wconf 87' lang='lat' dir='ltr'><strong>intrudi</strong></span> <span class='ocrx_word' id='word_1_123' title='bbox 890 2362 999 2433; x_wconf 87' lang='lat' dir='ltr'><strong>alium</strong></span> <span class='ocrx_word' id='word_1_124' title='bbox 1017 2361 1165 2449; x_wconf 88' lang='lat' dir='ltr'><strong>liceret,</strong></span> <span class='ocrx_word' id='word_1_125' title='bbox 1201 2376 1393 2455; x_wconf 83' lang='lat' dir='ltr'><strong>antequam</strong></span> <span class='ocrx_word' id='word_1_126' title='bbox 1408 2364 1607 2466; x_wconf 81' lang='lat' dir='ltr'>Episcopus</span> <span class='ocrx_word' id='word_1_127' title='bbox 1624 2400 1682 2453; x_wconf 77' lang='lat' dir='ltr'><strong>ro.</strong></span> 
     </span>
     <span class='ocr_line' id='line_1_15' title="bbox 217 2456 1681 2559; baseline 0.01 -22"><span class='ocrx_word' id='word_1_128' title='bbox 217 2482 349 2551; x_wconf 81' lang='lat' dir='ltr'><strong>manua</strong></span> <span class='ocrx_word' id='word_1_129' title='bbox 367 2461 577 2537; x_wconf 84' lang='lat' dir='ltr'><strong>sententiam</strong></span> <span class='ocrx_word' id='word_1_130' title='bbox 599 2458 877 2555; x_wconf 83' lang='lat' dir='ltr'><strong>pronunciallet.</strong></span> <span class='ocrx_word' id='word_1_131' title='bbox 930 2456 1112 2531; x_wconf 81' lang='lat' dir='ltr'>Mentitus</span> <span class='ocrx_word' id='word_1_132' title='bbox 1133 2460 1256 2553; x_wconf 86' lang='lat' dir='ltr'><strong>itaque</strong></span> <span class='ocrx_word' id='word_1_133' title='bbox 1272 2460 1324 2536; x_wconf 85' lang='lat' dir='ltr'><strong>est</strong></span> <span class='ocrx_word' id='word_1_134' title='bbox 1341 2460 1488 2559; x_wconf 80' lang='lat' dir='ltr'><strong>Photiua</strong></span> <span class='ocrx_word' id='word_1_135' title='bbox 1504 2472 1541 2545; x_wconf 86' lang='lat' dir='ltr'><strong>in</strong></span> <span class='ocrx_word' id='word_1_136' title='bbox 1559 2472 1618 2547; x_wconf 86' lang='lat' dir='ltr'><strong>sua</strong></span> <span class='ocrx_word' id='word_1_137' title='bbox 1635 2478 1681 2553; x_wconf 91' lang='lat' dir='ltr'><strong>ad</strong></span> 
     </span>
     <span class='ocr_line' id='line_1_16' title="bbox 220 2556 1683 2658; baseline 0.014 -27"><span class='ocrx_word' id='word_1_138' title='bbox 220 2557 355 2657; x_wconf 79' lang='lat' dir='ltr'><strong>Papam</strong></span> <span class='ocrx_word' id='word_1_139' title='bbox 377 2559 527 2658; x_wconf 87' lang='lat' dir='ltr'><strong>epistola</strong></span> <span class='ocrx_word' id='word_1_140' title='bbox 547 2572 681 2657; x_wconf 83' lang='lat' dir='ltr'><strong>negans</strong></span> <span class='ocrx_word' id='word_1_141' title='bbox 697 2556 903 2653; x_wconf 82' lang='lat' dir='ltr'><strong>Sordieenie</strong></span> <span class='ocrx_word' id='word_1_142' title='bbox 921 2558 1149 2645; x_wconf 84' lang='lat' dir='ltr'><strong>Concilium,</strong></span> <span class='ocrx_word' id='word_1_143' title='bbox 1185 2560 1444 2639; x_wconf 81' lang='lat' dir='ltr'><strong>&amp;Decretales</strong></span> <span class='ocrx_word' id='word_1_144' title='bbox 1464 2565 1683 2655; x_wconf 85' lang='lat' dir='ltr'><strong>Pontificum</strong></span> 
     </span>
    </p>
   </div>
   <div class='ocr_carea' id='block_1_9' title="bbox 102 2655 1682 2764">
    <p class='ocr_par' dir='ltr' id='par_1_9' title="bbox 102 2655 1682 2764">
     <span class='ocr_line' id='line_1_17' title="bbox 102 2655 1682 2764; baseline 0.013 -32"><span class='ocrx_word' id='word_1_145' title='bbox 102 2674 104 2685; x_wconf 76' lang='grc'>’</span> <span class='ocrx_word' id='word_1_146' title='bbox 217 2660 317 2757; x_wconf 83' lang='lat' dir='ltr'><strong>apud</strong></span> <span class='ocrx_word' id='word_1_147' title='bbox 336 2656 484 2736; x_wconf 77' lang='lat' dir='ltr'><strong>Grecos</strong></span> <span class='ocrx_word' id='word_1_148' title='bbox 500 2660 635 2754; x_wconf 84' lang='lat' dir='ltr'><strong>recipi,</strong></span> <span class='ocrx_word' id='word_1_149' title='bbox 660 2660 720 2737; x_wconf 87' lang='lat' dir='ltr'><strong>cui</strong></span> <span class='ocrx_word' id='word_1_150' title='bbox 733 2655 910 2733; x_wconf 84' lang='lat' dir='ltr'><strong>Pontifex</strong></span> <span class='ocrx_word' id='word_1_151' title='bbox 926 2660 976 2731; x_wconf 90' lang='lat' dir='ltr'><strong>ita</strong></span> <span class='ocrx_word' id='word_1_152' title='bbox 993 2655 1195 2749; x_wconf 79' lang='lat' dir='ltr'><strong>responait:</strong></span> <span class='ocrx_word' id='word_1_153' title='bbox 1221 2662 1363 2764; x_wconf 86' lang='lat' dir='ltr'><strong>„Quod</strong></span> <span class='ocrx_word' id='word_1_154' title='bbox 1384 2686 1475 2741; x_wconf 88' lang='lat' dir='ltr'><strong>vero</strong></span> <span class='ocrx_word' id='word_1_155' title='bbox 1491 2670 1598 2763; x_wconf 83' lang='lat' dir='ltr'><strong>dicis,</strong></span> <span class='ocrx_word' id='word_1_156' title='bbox 1619 2698 1682 2752; x_wconf 70' lang='lat' dir='ltr'><strong>oea</strong></span> 
     </span>
    </p>
   </div>
   <div class='ocr_carea' id='block_1_10' title="bbox 215 2756 1807 4748">
    <p class='ocr_par' dir='ltr' id='par_1_10' title="bbox 215 2756 1769 3759">
     <span class='ocr_line' id='line_1_18' title="bbox 219 2756 1683 2854; baseline 0.01 -22"><span class='ocrx_word' id='word_1_157' title='bbox 219 2782 324 2853; x_wconf 89' lang='lat' dir='ltr'><strong>„que</strong></span> <span class='ocrx_word' id='word_1_158' title='bbox 347 2758 552 2835; x_wconf 83' lang='lat' dir='ltr'><strong>Sardicense</strong></span> <span class='ocrx_word' id='word_1_159' title='bbox 574 2759 802 2846; x_wconf 85' lang='lat' dir='ltr'><strong>Concilium,</strong></span> <span class='ocrx_word' id='word_1_160' title='bbox 842 2776 961 2851; x_wconf 88' lang='lat' dir='ltr'><strong>neque</strong></span> <span class='ocrx_word' id='word_1_161' title='bbox 981 2756 1193 2831; x_wconf 78' lang='lat' dir='ltr'><strong>Decretalea</strong></span> <span class='ocrx_word' id='word_1_162' title='bbox 1216 2761 1274 2833; x_wconf 85' lang='grc'><strong>88.</strong></span> <span class='ocrx_word' id='word_1_163' title='bbox 1294 2759 1507 2841; x_wconf 82' lang='lat' dir='ltr'><strong>Pontificum</strong></span> <span class='ocrx_word' id='word_1_164' title='bbox 1529 2793 1550 2843; x_wconf 90' lang='lat' dir='ltr'><strong>a</strong></span> <span class='ocrx_word' id='word_1_165' title='bbox 1573 2778 1683 2854; x_wconf 60' lang='lat' dir='ltr'><strong>vobio</strong></span> 
     </span>
     <span class='ocr_line' id='line_1_19' title="bbox 218 2856 1682 2968; baseline 0.011 -34"><span class='ocrx_word' id='word_1_166' title='bbox 218 2859 386 2954; x_wconf 84' lang='lat' dir='ltr'><strong>„recipi‚</strong></span> <span class='ocrx_word' id='word_1_167' title='bbox 427 2858 575 2934; x_wconf 85' lang='lat' dir='ltr'><strong>credere</strong></span> <span class='ocrx_word' id='word_1_168' title='bbox 603 2876 678 2933; x_wconf 90' lang='lat' dir='ltr'><strong>non</strong></span> <span class='ocrx_word' id='word_1_169' title='bbox 704 2856 907 2953; x_wconf 84' lang='lat' dir='ltr'><strong>poffumus,</strong></span> <span class='ocrx_word' id='word_1_170' title='bbox 949 2856 1104 2929; x_wconf 83' lang='lat' dir='ltr'><strong>maxime</strong></span> <span class='ocrx_word' id='word_1_171' title='bbox 1130 2876 1211 2933; x_wconf 86' lang='lat' dir='ltr'><strong>cum</strong></span> <span class='ocrx_word' id='word_1_172' title='bbox 1234 2859 1439 2937; x_wconf 84' lang='lat' dir='ltr'><strong>Sardicenie</strong></span> <span class='ocrx_word' id='word_1_173' title='bbox 1463 2868 1682 2968; x_wconf 81' lang='lat' dir='ltr'><strong>concilium,</strong></span> 
     </span>
     <span class='ocr_line' id='line_1_20' title="bbox 217 2954 1682 3056; baseline 0.014 -24"><span class='ocrx_word' id='word_1_174' title='bbox 217 2958 355 3054; x_wconf 88' lang='lat' dir='ltr'><strong>„quod</strong></span> <span class='ocrx_word' id='word_1_175' title='bbox 379 2967 490 3053; x_wconf 78' lang='lat' dir='ltr'><strong>penta</strong></span> <span class='ocrx_word' id='word_1_176' title='bbox 517 2978 585 3031; x_wconf 86' lang='lat' dir='ltr'><strong>vos</strong></span> <span class='ocrx_word' id='word_1_177' title='bbox 612 2958 650 3029; x_wconf 92' lang='lat' dir='ltr'><strong>in</strong></span> <span class='ocrx_word' id='word_1_178' title='bbox 680 2954 805 3031; x_wconf 78' lang='lat' dir='ltr'><strong>vestris</strong></span> <span class='ocrx_word' id='word_1_179' title='bbox 828 2958 1036 3053; x_wconf 75' lang='lat' dir='ltr'><strong>regionibus</strong></span> <span class='ocrx_word' id='word_1_180' title='bbox 1061 2954 1176 3029; x_wconf 78' lang='lat' dir='ltr'><strong>adium</strong></span> <span class='ocrx_word' id='word_1_181' title='bbox 1206 2956 1285 3049; x_wconf 86' lang='lat' dir='ltr'><strong>est,</strong></span> <span class='ocrx_word' id='word_1_182' title='bbox 1324 2962 1369 3035; x_wconf 87' lang='lat' dir='ltr'><strong>ab</strong></span> <span class='ocrx_word' id='word_1_183' title='bbox 1398 2971 1498 3039; x_wconf 87' lang='lat' dir='ltr'><strong>omni</strong></span> <span class='ocrx_word' id='word_1_184' title='bbox 1521 2968 1682 3056; x_wconf 84' lang='lat' dir='ltr'><strong>Ecclefia</strong></span> 
     </span>
     <span class='ocr_line' id='line_1_21' title="bbox 215 3052 1682 3171; baseline 0.005 -38"><span class='ocrx_word' id='word_1_185' title='bbox 215 3060 452 3151; x_wconf 86' lang='lat' dir='ltr'><strong>„recipitur,</strong></span> <span class='ocrx_word' id='word_1_186' title='bbox 492 3055 690 3131; x_wconf 78' lang='lat' dir='ltr'><strong>decretales</strong></span> <span class='ocrx_word' id='word_1_187' title='bbox 715 3069 834 3131; x_wconf 88' lang='lat' dir='ltr'><strong>autem</strong></span> <span class='ocrx_word' id='word_1_188' title='bbox 864 3052 1023 3150; x_wconf 84' lang='lat' dir='ltr'><strong>epistolae</strong></span> <span class='ocrx_word' id='word_1_189' title='bbox 1047 3074 1068 3127; x_wconf 90' lang='lat' dir='ltr'><strong>a</strong></span> <span class='ocrx_word' id='word_1_190' title='bbox 1091 3052 1185 3131; x_wconf 86' lang='lat' dir='ltr'><strong>sacra</strong></span> <span class='ocrx_word' id='word_1_191' title='bbox 1205 3056 1299 3132; x_wconf 84' lang='lat' dir='ltr'><strong>Sede</strong></span> <span class='ocrx_word' id='word_1_192' title='bbox 1322 3082 1554 3159; x_wconf 83' lang='lat' dir='ltr'><strong>emanarunt,</strong></span> <span class='ocrx_word' id='word_1_193' title='bbox 1588 3079 1682 3171; x_wconf 63' lang='lat' dir='ltr'><strong>eujus</strong></span> 
     </span>
     <span class='ocr_line' id='line_1_22' title="bbox 216 3150 1681 3255; baseline 0.013 -23"><span class='ocrx_word' id='word_1_194' title='bbox 216 3156 463 3247; x_wconf 81' lang='lat' dir='ltr'><strong>„Autioritote</strong></span> <span class='ocrx_word' id='word_1_195' title='bbox 484 3164 589 3231; x_wconf 77' lang='lat' dir='ltr'><strong>minio</strong></span> <span class='ocrx_word' id='word_1_196' title='bbox 608 3158 746 3231; x_wconf 81' lang='lat' dir='ltr'><strong>Concilio</strong></span> <span class='ocrx_word' id='word_1_197' title='bbox 764 3150 1033 3242; x_wconf 80' lang='lat' dir='ltr'><strong>confinnaatur.“</strong></span> <span class='ocrx_word' id='word_1_198' title='bbox 1081 3150 1169 3228; x_wconf 91' lang='lat' dir='ltr'><strong>Hoc</strong></span> <span class='ocrx_word' id='word_1_199' title='bbox 1191 3155 1284 3231; x_wconf 89' lang='lat' dir='ltr'><strong>adeo</strong></span> <span class='ocrx_word' id='word_1_200' title='bbox 1308 3160 1402 3233; x_wconf 87' lang='lat' dir='ltr'><strong>inter</strong></span> <span class='ocrx_word' id='word_1_201' title='bbox 1422 3163 1516 3255; x_wconf 83' lang='lat' dir='ltr'><strong>ipsos</strong></span> <span class='ocrx_word' id='word_1_202' title='bbox 1533 3167 1681 3253; x_wconf 79' lang='lat' dir='ltr'><strong>Groecoa</strong></span> 
     </span>
     <span class='ocr_line' id='line_1_23' title="bbox 216 3246 1681 3362; baseline 0.012 -34"><span class='ocrx_word' id='word_1_203' title='bbox 216 3256 361 3331; x_wconf 83' lang='lat' dir='ltr'><strong>notum&#39;</strong></span> <span class='ocrx_word' id='word_1_204' title='bbox 383 3264 480 3345; x_wconf 85' lang='lat' dir='ltr'><strong>erat,</strong></span> <span class='ocrx_word' id='word_1_205' title='bbox 515 3269 557 3329; x_wconf 87' lang='lat' dir='ltr'><strong>ut</strong></span> <span class='ocrx_word' id='word_1_206' title='bbox 577 3252 640 3349; x_wconf 83' lang='lat' dir='ltr'><strong>ipfi</strong></span> <span class='ocrx_word' id='word_1_207' title='bbox 661 3246 902 3327; x_wconf 86' lang='lat' dir='ltr'><strong>Conciliabuli</strong></span> <span class='ocrx_word' id='word_1_208' title='bbox 925 3250 974 3327; x_wconf 88' lang='lat' dir='ltr'><strong>lui</strong></span> <span class='ocrx_word' id='word_1_209' title='bbox 996 3270 1093 3327; x_wconf 91' lang='lat' dir='ltr'><strong>anno</strong></span> <span class='ocrx_word' id='word_1_210' title='bbox 1116 3256 1237 3348; x_wconf 87' lang='lat' dir='ltr'><strong>priore</strong></span> <span class='ocrx_word' id='word_1_211' title='bbox 1260 3260 1331 3341; x_wconf 78' lang='lat'><strong>861</strong></span> <span class='ocrx_word' id='word_1_212' title='bbox 1359 3275 1485 3335; x_wconf 86' lang='lat' dir='ltr'><strong>contra</strong></span> <span class='ocrx_word' id='word_1_213' title='bbox 1504 3263 1681 3362; x_wconf 82' lang='lat' dir='ltr'><strong>Ignatium</strong></span> 
     </span>
     <span class='ocr_line' id='line_1_24' title="bbox 216 3346 1680 3469; baseline 0.013 -39"><span class='ocrx_word' id='word_1_214' title='bbox 216 3353 436 3451; x_wconf 80' lang='lat' dir='ltr'><strong>congregati</strong></span> <span class='ocrx_word' id='word_1_215' title='bbox 454 3371 474 3425; x_wconf 91' lang='lat' dir='ltr'><strong>a</strong></span> <span class='ocrx_word' id='word_1_216' title='bbox 491 3348 586 3449; x_wconf 88' lang='lat' dir='ltr'><strong>Papa</strong></span> <span class='ocrx_word' id='word_1_217' title='bbox 604 3346 917 3427; x_wconf 88' lang='lat' dir='ltr'><strong>confirmationem</strong></span> <span class='ocrx_word' id='word_1_218' title='bbox 934 3352 1129 3445; x_wconf 86' lang='lat' dir='ltr'><strong>petierint,</strong></span> <span class='ocrx_word' id='word_1_219' title='bbox 1159 3357 1342 3447; x_wconf 71' lang='lat' dir='ltr'><strong>quam‘ille</strong></span> <span class='ocrx_word' id='word_1_220' title='bbox 1358 3359 1563 3440; x_wconf 83' lang='lat' dir='ltr'><strong>constanter</strong></span> <span class='ocrx_word' id='word_1_221' title='bbox 1577 3390 1680 3469; x_wconf 81' lang='lat' dir='ltr'><strong>nega·</strong></span> 
     </span>
     <span class='ocr_line' id='line_1_25' title="bbox 217 3444 1680 3551; baseline 0.015 -24"><span class='ocrx_word' id='word_1_222' title='bbox 217 3456 295 3534; x_wconf 86' lang='lat' dir='ltr'><strong>vit.</strong></span> <span class='ocrx_word' id='word_1_223' title='bbox 345 3450 491 3525; x_wconf 83' lang='lat' dir='ltr'><strong>Summe</strong></span> <span class='ocrx_word' id='word_1_224' title='bbox 514 3451 758 3529; x_wconf 83' lang='lat' dir='ltr'><strong>memorabilia</strong></span> <span class='ocrx_word' id='word_1_225' title='bbox 781 3448 940 3541; x_wconf 80' lang='lat' dir='ltr'><strong>ejusdem</strong></span> <span class='ocrx_word' id='word_1_226' title='bbox 961 3444 1065 3542; x_wconf 83' lang='lat' dir='ltr'><strong>Papae</strong></span> <span class='ocrx_word' id='word_1_227' title='bbox 1089 3451 1264 3528; x_wconf 85' lang='lat' dir='ltr'><strong>sententia</strong></span> <span class='ocrx_word' id='word_1_228' title='bbox 1289 3454 1496 3551; x_wconf 78' lang='lat' dir='ltr'><strong>eli‚&#39;quam</strong></span> <span class='ocrx_word' id='word_1_229' title='bbox 1518 3464 1680 3550; x_wconf 73' lang='lat' dir='ltr'><strong>Orientis</strong></span> 
     </span>
     <span class='ocr_line' id='line_1_26' title="bbox 217 3546 1682 3669; baseline 0.01 -47"><span class='ocrx_word' id='word_1_230' title='bbox 217 3551 461 3646; x_wconf 80' lang='lat' dir='ltr'><strong>Imperatori,</strong></span> <span class='ocrx_word' id='word_1_231' title='bbox 494 3550 568 3624; x_wconf 90' lang='lat' dir='ltr'><strong>hoc</strong></span> <span class='ocrx_word' id='word_1_232' title='bbox 587 3550 682 3625; x_wconf 88' lang='lat' dir='ltr'><strong>idem</strong></span> <span class='ocrx_word' id='word_1_233' title='bbox 701 3550 904 3631; x_wconf 81' lang='lat' dir='ltr'><strong>Concilium</strong></span> <span class='ocrx_word' id='word_1_234' title='bbox 923 3546 1240 3643; x_wconf 85' lang='lat' dir='ltr'><strong>Constantinopoli</strong></span> <span class='ocrx_word' id='word_1_235' title='bbox 1255 3552 1414 3631; x_wconf 89' lang='lat' dir='ltr'><strong>habitum</strong></span> <span class='ocrx_word' id='word_1_236' title='bbox 1433 3578 1582 3655; x_wconf 89' lang='lat' dir='ltr'><strong>propter</strong></span> <span class='ocrx_word' id='word_1_237' title='bbox 1596 3568 1682 3669; x_wconf 72' lang='lat' dir='ltr'><strong>Epi.</strong></span> 
     </span>
     <span class='ocr_line' id='line_1_27' title="bbox 219 3648 1769 3759; baseline 0.018 -36"><span class='ocrx_word' id='word_1_238' title='bbox 219 3650 418 3744; x_wconf 72' lang='lat' dir='ltr'><strong>stuporum</strong></span> <span class='ocrx_word' id='word_1_239' title='bbox 434 3649 703 3725; x_wconf 85' lang='lat' dir='ltr'><strong>multitudinem</strong></span> <span class='ocrx_word' id='word_1_240' title='bbox 719 3648 1012 3735; x_wconf 77' lang='lat' dir='ltr'><strong>commendanti,</strong></span> <span class='ocrx_word' id='word_1_241' title='bbox 1026 3648 1231 3759; x_wconf 62' lang='lat' dir='ltr'><strong>⁴rescripfit:</strong></span> <span class='ocrx_word' id='word_1_242' title='bbox 1256 3652 1330 3727; x_wconf 83' lang='lat' dir='ltr'><strong>Nos</strong></span> <span class='ocrx_word' id='word_1_243' title='bbox 1346 3660 1381 3729; x_wconf 84' lang='lat' dir='ltr'><strong>in</strong></span> <span class='ocrx_word' id='word_1_244' title='bbox 1401 3660 1547 3740; x_wconf 71' lang='lat' dir='ltr'><strong>concidis</strong></span> <span class='ocrx_word' id='word_1_245' title='bbox 1562 3691 1624 3743; x_wconf 83' lang='lat' dir='ltr'><strong>non</strong></span> <span class='ocrx_word' id='word_1_246' title='bbox 1638 3677 1684 3749; x_wconf 84' lang='lat' dir='ltr'><strong>od</strong></span> <span class='ocrx_word' id='word_1_247' title='bbox 1741 3706 1769 3719; x_wconf 30' lang='grc' dir='ltr'>κ</span> 
     </span>
    </p>

    <p class='ocr_par' dir='ltr' id='par_1_11' title="bbox 218 3746 1807 4748">
     <span class='ocr_line' id='line_1_28' title="bbox 219 3746 1807 3862; baseline 0.014 -41"><span class='ocrx_word' id='word_1_248' title='bbox 219 3771 393 3827; x_wconf 75' lang='lat' dir='ltr'><strong>mimorum</strong></span> <span class='ocrx_word' id='word_1_249' title='bbox 414 3746 637 3845; x_wconf 64' lang='lat' dir='ltr'><strong>opiscoporum</strong></span> <span class='ocrx_word' id='word_1_250' title='bbox 652 3752 869 3838; x_wconf 73' lang='lat' dir='ltr'><strong>attondimur,</strong></span> <span class='ocrx_word' id='word_1_251' title='bbox 895 3750 957 3843; x_wconf 84' lang='lat' dir='ltr'><strong>sed</strong></span> <span class='ocrx_word' id='word_1_252' title='bbox 965 3746 1130 3841; x_wconf 78' lang='lat' dir='ltr'><strong>sententio</strong></span> <span class='ocrx_word' id='word_1_253' title='bbox 1148 3757 1363 3849; x_wconf 72' lang='lat' dir='ltr'><strong>pronunciatio</strong></span> <span class='ocrx_word' id='word_1_254' title='bbox 1373 3756 1533 3851; x_wconf 75' lang='lat' dir='ltr'><strong>justitiam</strong></span> <span class='ocrx_word' id='word_1_255' title='bbox 1550 3770 1681 3862; x_wconf 76' lang='lat' dir='ltr'><strong>castima-</strong></span> <span class='ocrx_word' id='word_1_256' title='bbox 1803 3771 1807 3775; x_wconf 60' lang='lat'><em>&#39;</em></span> 
     </span>
     <span class='ocr_line' id='line_1_29' title="bbox 222 3844 1681 3955; baseline 0.016 -40"><span class='ocrx_word' id='word_1_257' title='bbox 222 3872 317 3927; x_wconf 75' lang='lat' dir='ltr'><strong>mus.-</strong></span> <span class='ocrx_word' id='word_1_258' title='bbox 349 3847 454 3939; x_wconf 77' lang='lat' dir='ltr'><strong>&#39;quod</strong></span> <span class='ocrx_word' id='word_1_259' title='bbox 472 3848 598 3937; x_wconf 82' lang='lat' dir='ltr'><strong>artique</strong></span> <span class='ocrx_word' id='word_1_260' title='bbox 613 3848 741 3937; x_wconf 85' lang='lat' dir='ltr'><strong>judicia</strong></span> <span class='ocrx_word' id='word_1_261' title='bbox 757 3844 808 3921; x_wconf 86' lang='lat' dir='ltr'><strong>est</strong></span> <span class='ocrx_word' id='word_1_262' title='bbox 823 3846 993 3945; x_wconf 81' lang='lat' dir='ltr'><strong>Concilio</strong></span> <span class='ocrx_word' id='word_1_263' title='bbox 1007 3846 1221 3944; x_wconf 74' lang='lat' dir='ltr'><strong>Superioris.</strong></span> <span class='ocrx_word' id='word_1_264' title='bbox 1289 3848 1330 3924; x_wconf 91' lang='lat' dir='ltr'><strong>ln</strong></span> <span class='ocrx_word' id='word_1_265' title='bbox 1347 3856 1452 3931; x_wconf 87' lang='lat' dir='ltr'><strong>tertia</strong></span> <span class='ocrx_word' id='word_1_266' title='bbox 1468 3862 1617 3955; x_wconf 82' lang='lat' dir='ltr'><strong>epistola</strong></span> <span class='ocrx_word' id='word_1_267' title='bbox 1635 3872 1681 3947; x_wconf 77' lang='lat' dir='ltr'><strong>ad</strong></span> 
     </span>
     <span class='ocr_line' id='line_1_30' title="bbox 218 3941 1681 4048; baseline 0.014 -25"><span class='ocrx_word' id='word_1_268' title='bbox 218 3967 355 4023; x_wconf 79' lang='lat' dir='ltr'><strong>omnes</strong></span> <span class='ocrx_word' id='word_1_269' title='bbox 378 3942 539 4019; x_wconf 74' lang='lat' dir='ltr'><strong>Orientis</strong></span> <span class='ocrx_word' id='word_1_270' title='bbox 557 3942 701 4041; x_wconf 73' lang='lat' dir='ltr'><strong>Fideles</strong></span> <span class='ocrx_word' id='word_1_271' title='bbox 723 3942 854 4017; x_wconf 75' lang='lat' dir='ltr'><strong>directa</strong></span> <span class='ocrx_word' id='word_1_272' title='bbox 860 3994 874 4035; x_wconf 92' lang='lat'>‚</span> <span class='ocrx_word' id='word_1_273' title='bbox 906 3966 988 4019; x_wconf 91' lang='lat' dir='ltr'><strong>cum</strong></span> <span class='ocrx_word' id='word_1_274' title='bbox 1009 3941 1179 4020; x_wconf 79' lang='lat' dir='ltr'><strong>Pontifex</strong></span> <span class='ocrx_word' id='word_1_275' title='bbox 1199 3945 1418 4044; x_wconf 75' lang='lat' dir='ltr'><strong>Legatorum</strong></span> <span class='ocrx_word' id='word_1_276' title='bbox 1439 3956 1581 4039; x_wconf 85' lang='lat' dir='ltr'><strong>suorum</strong></span> <span class='ocrx_word' id='word_1_277' title='bbox 1604 3971 1681 4048; x_wconf 74' lang='lat' dir='ltr'><strong>aeta</strong></span> 
     </span>
     <span class='ocr_line' id='line_1_31' title="bbox 220 4037 1681 4149; baseline 0.012 -29"><span class='ocrx_word' id='word_1_278' title='bbox 220 4042 468 4143; x_wconf 82' lang='lat' dir='ltr'><strong>reprobaffet3</strong></span> <span class='ocrx_word' id='word_1_279' title='bbox 494 4052 565 4117; x_wconf 74' lang='lat' dir='ltr'><strong>tres</strong></span> <span class='ocrx_word' id='word_1_280' title='bbox 585 4037 823 4131; x_wconf 82' lang='lat' dir='ltr'><strong>Patriarehae‚</strong></span> <span class='ocrx_word' id='word_1_281' title='bbox 846 4042 1156 4135; x_wconf 83' lang='lat' dir='ltr'><strong>Alexandrinum,</strong></span> <span class='ocrx_word' id='word_1_282' title='bbox 1181 4044 1475 4149; x_wconf 84' lang='lat' dir='ltr'><strong>Antiochenam,</strong></span> <span class='ocrx_word' id='word_1_283' title='bbox 1503 4062 1681 4145; x_wconf 82' lang='lat' dir='ltr'><strong>&amp;Hiero-</strong></span> 
     </span>
     <span class='ocr_line' id='line_1_32' title="bbox 220 4140 1680 4253; baseline 0.016 -36"><span class='ocrx_word' id='word_1_284' title='bbox 220 4146 498 4239; x_wconf 69' lang='lat' dir='ltr'><strong>solymanum,</strong></span> <span class='ocrx_word' id='word_1_285' title='bbox 521 4144 610 4217; x_wconf 90' lang='lat' dir='ltr'><strong>item</strong></span> <span class='ocrx_word' id='word_1_286' title='bbox 628 4140 911 4235; x_wconf 78' lang='lat' dir='ltr'><strong>Metropolitas,</strong></span> <span class='ocrx_word' id='word_1_287' title='bbox 935 4140 1187 4238; x_wconf 77' lang='lat' dir='ltr'><strong>&amp;Episcopoa</strong></span> <span class='ocrx_word' id='word_1_288' title='bbox 1203 4146 1384 4241; x_wconf 83' lang='lat' dir='ltr'><strong>speciatim</strong></span> <span class='ocrx_word' id='word_1_289' title='bbox 1402 4156 1452 4229; x_wconf 89' lang='lat' dir='ltr'><strong>ita</strong></span> <span class='ocrx_word' id='word_1_290' title='bbox 1468 4161 1680 4253; x_wconf 79' lang='lat' dir='ltr'><strong>alloquitur:</strong></span> 
     </span>
     <span class='ocr_line' id='line_1_33' title="bbox 223 4241 1681 4346; baseline 0.014 -27"><span class='ocrx_word' id='word_1_291' title='bbox 223 4246 377 4338; x_wconf 70' lang='lat' dir='ltr'><strong>„Vobis</strong></span> <span class='ocrx_word' id='word_1_292' title='bbox 394 4242 598 4319; x_wconf 76' lang='lat' dir='ltr'><strong>Autioriruta</strong></span> <span class='ocrx_word' id='word_1_293' title='bbox 616 4242 780 4339; x_wconf 76' lang='lat' dir='ltr'><strong>apostolico</strong></span> <span class='ocrx_word' id='word_1_294' title='bbox 792 4244 1021 4339; x_wconf 74' lang='lat' dir='ltr'><strong>praecipiamur,</strong></span> <span class='ocrx_word' id='word_1_295' title='bbox 1059 4254 1101 4315; x_wconf 93' lang='lat' dir='ltr'><strong>nt</strong></span> <span class='ocrx_word' id='word_1_296' title='bbox 1122 4244 1169 4317; x_wconf 85' lang='lat' dir='ltr'><strong>de</strong></span> <span class='ocrx_word' id='word_1_297' title='bbox 1189 4241 1338 4342; x_wconf 82' lang='lat' dir='ltr'><strong>Ignatii,</strong></span> <span class='ocrx_word' id='word_1_298' title='bbox 1376 4250 1412 4323; x_wconf 80' lang='lat' dir='ltr'><strong>dr·</strong></span> <span class='ocrx_word' id='word_1_299' title='bbox 1427 4253 1544 4333; x_wconf 86' lang='lat' dir='ltr'><strong>Photii</strong></span> <span class='ocrx_word' id='word_1_300' title='bbox 1566 4265 1681 4346; x_wconf 74' lang='lat' dir='ltr'><strong>mulla</strong></span> 
     </span>
     <span class='ocr_line' id='line_1_34' title="bbox 221 4338 1682 4443; baseline 0.014 -24"><span class='ocrx_word' id='word_1_301' title='bbox 221 4346 443 4438; x_wconf 78' lang='lat' dir='ltr'><strong>„nobiccum</strong></span> <span class='ocrx_word' id='word_1_302' title='bbox 465 4340 588 4415; x_wconf 85' lang='lat' dir='ltr'><strong>eadem</strong></span> <span class='ocrx_word' id='word_1_303' title='bbox 604 4338 763 4415; x_wconf 85' lang='lat' dir='ltr'><strong>sentiatia</strong></span> <span class='ocrx_word' id='word_1_304' title='bbox 771 4392 785 4430; x_wconf 93' lang='lat'><strong><em>,</em></strong></span> <span class='ocrx_word' id='word_1_305' title='bbox 810 4354 918 4435; x_wconf 89' lang='lat' dir='ltr'><strong>atque</strong></span> <span class='ocrx_word' id='word_1_306' title='bbox 938 4341 1001 4417; x_wconf 78' lang='lat' dir='ltr'><strong>has</strong></span> <span class='ocrx_word' id='word_1_307' title='bbox 1017 4342 1154 4417; x_wconf 78' lang='lat' dir='ltr'><strong>litterar</strong></span> <span class='ocrx_word' id='word_1_308' title='bbox 1173 4344 1310 4420; x_wconf 77' lang='lat' dir='ltr'><strong>nostrae</strong></span> <span class='ocrx_word' id='word_1_309' title='bbox 1326 4350 1364 4421; x_wconf 92' lang='lat' dir='ltr'><strong>in</strong></span> <span class='ocrx_word' id='word_1_310' title='bbox 1381 4348 1602 4435; x_wconf 81' lang='lat' dir='ltr'><strong>Dioeceiibna</strong></span> <span class='ocrx_word' id='word_1_311' title='bbox 1621 4385 1682 4443; x_wconf 86' lang='lat' dir='ltr'><strong>ve·</strong></span> 
     </span>
     <span class='ocr_line' id='line_1_35' title="bbox 220 4438 1681 4565; baseline 0.012 -49"><span class='ocrx_word' id='word_1_312' title='bbox 220 4443 330 4534; x_wconf 59' lang='lat' dir='ltr'><strong>‚diris</strong></span> <span class='ocrx_word' id='word_1_313' title='bbox 363 4440 542 4535; x_wconf 80' lang='lat' dir='ltr'><strong>praedicari</strong></span> <span class='ocrx_word' id='word_1_314' title='bbox 578 4438 736 4531; x_wconf 75' lang='lat' dir='ltr'><strong>curetis,</strong></span> <span class='ocrx_word' id='word_1_315' title='bbox 779 4460 854 4533; x_wconf 88' lang='lat' dir='ltr'><strong>quo</strong></span> <span class='ocrx_word' id='word_1_316' title='bbox 891 4438 935 4512; x_wconf 84' lang='lat' dir='ltr'><strong>od</strong></span> <span class='ocrx_word' id='word_1_317' title='bbox 963 4442 1124 4516; x_wconf 90' lang='lat' dir='ltr'><strong>omnium</strong></span> <span class='ocrx_word' id='word_1_318' title='bbox 1153 4446 1321 4518; x_wconf 89' lang='lat' dir='ltr'><strong>notitiam</strong></span> <span class='ocrx_word' id='word_1_319' title='bbox 1352 4458 1596 4539; x_wconf 60' lang='lat' dir='ltr'><strong>perveniant‘t</strong></span> <span class='ocrx_word' id='word_1_320' title='bbox 1621 4465 1681 4565; x_wconf 54' lang='lat' dir='ltr'><strong>a).</strong></span> 
     </span>
     <span class='ocr_line' id='line_1_36' title="bbox 221 4536 1680 4645; baseline 0.016 -31"><span class='ocrx_word' id='word_1_321' title='bbox 221 4541 326 4645; x_wconf 89' lang='lat' dir='ltr'><strong>Quid</strong></span> <span class='ocrx_word' id='word_1_322' title='bbox 348 4541 513 4637; x_wconf 77' lang='lat' dir='ltr'><strong>cogitatio</strong></span> <span class='ocrx_word' id='word_1_323' title='bbox 536 4536 770 4627; x_wconf 81' lang='lat' dir='ltr'><strong>Febronianii</strong></span> <span class='ocrx_word' id='word_1_324' title='bbox 792 4536 896 4630; x_wconf 83' lang='lat' dir='ltr'><strong>&#39;quid</strong></span> <span class='ocrx_word' id='word_1_325' title='bbox 916 4536 990 4629; x_wconf 85' lang='lat' dir='ltr'><strong>est,</strong></span> <span class='ocrx_word' id='word_1_326' title='bbox 1030 4539 1130 4632; x_wconf 91' lang='lat' dir='ltr'><strong>quod</strong></span> <span class='ocrx_word' id='word_1_327' title='bbox 1150 4555 1229 4616; x_wconf 84' lang='lat' dir='ltr'><strong>tota</strong></span> <span class='ocrx_word' id='word_1_328' title='bbox 1242 4541 1406 4619; x_wconf 81' lang='lat' dir='ltr'><strong>&#39;Orientis</strong></span> <span class='ocrx_word' id='word_1_329' title='bbox 1423 4546 1581 4631; x_wconf 80' lang='lat' dir='ltr'><strong>ncciefia</strong></span> <span class='ocrx_word' id='word_1_330' title='bbox 1605 4579 1680 4643; x_wconf 88' lang='lat' dir='ltr'><strong>tan·</strong></span> 
     </span>
     <span class='ocr_line' id='line_1_37' title="bbox 219 4635 1681 4748; baseline 0.012 -34"><span class='ocrx_word' id='word_1_331' title='bbox 219 4658 296 4716; x_wconf 84' lang='lat' dir='ltr'><strong>tam</strong></span> <span class='ocrx_word' id='word_1_332' title='bbox 323 4635 649 4735; x_wconf 81' lang='lat' dir='ltr'><strong>apostolicae&#39;Sedia</strong></span> <span class='ocrx_word' id='word_1_333' title='bbox 670 4636 925 4711; x_wconf 77' lang='lat' dir='ltr'><strong>authoritatem</strong></span> <span class='ocrx_word' id='word_1_334' title='bbox 948 4638 1170 4733; x_wconf 72' lang='lat' dir='ltr'><strong>agnoverit?</strong></span> <span class='ocrx_word' id='word_1_335' title='bbox 1208 4642 1367 4715; x_wconf 89' lang='lat' dir='ltr'><strong>etiamne</strong></span> <span class='ocrx_word' id='word_1_336' title='bbox 1393 4650 1453 4726; x_wconf 88' lang='lat' dir='ltr'><strong>illa</strong></span> <span class='ocrx_word' id='word_1_337' title='bbox 1476 4674 1598 4748; x_wconf 76' lang='lat' dir='ltr'><strong>eque,</strong></span> <span class='ocrx_word' id='word_1_338' title='bbox 1637 4686 1681 4741; x_wconf 82' lang='lat' dir='ltr'><strong>ac</strong></span> 
     </span>
    </p>
   </div>
   <div class='ocr_carea' id='block_1_11' title="bbox 159 4732 1681 4850">
    <p class='ocr_par' dir='ltr' id='par_1_12' title="bbox 159 4732 1681 4850">
     <span class='ocr_line' id='line_1_38' title="bbox 159 4732 1681 4850; baseline 0.009 -33"><span class='ocrx_word' id='word_1_339' title='bbox 159 4800 165 4817; x_wconf 90' lang='grc'><strong><em>,</em></strong></span> <span class='ocrx_word' id='word_1_340' title='bbox 219 4738 470 4815; x_wconf 84' lang='lat' dir='ltr'><strong>occidentalia</strong></span> <span class='ocrx_word' id='word_1_341' title='bbox 485 4734 625 4829; x_wconf 85' lang='lat' dir='ltr'><strong>jndicio</strong></span> <span class='ocrx_word' id='word_1_342' title='bbox 647 4732 767 4809; x_wconf 81' lang='lat' dir='ltr'><strong>vestro</strong></span> <span class='ocrx_word' id='word_1_343' title='bbox 789 4734 943 4830; x_wconf 88' lang='lat' dir='ltr'><strong>decepta</strong></span> <span class='ocrx_word' id='word_1_344' title='bbox 968 4736 1038 4811; x_wconf 84' lang='lat' dir='ltr'><strong>luit</strong></span> <span class='ocrx_word' id='word_1_345' title='bbox 1059 4760 1124 4837; x_wconf 85' lang='lat' dir='ltr'><strong>per</strong></span> <span class='ocrx_word' id='word_1_346' title='bbox 1145 4736 1305 4850; x_wconf 80' lang='lat' dir='ltr'><strong>Pseudo·</strong></span> <span class='ocrx_word' id='word_1_347' title='bbox 1318 4738 1444 4827; x_wconf 79' lang='lat' dir='ltr'><strong>lidori</strong></span> <span class='ocrx_word' id='word_1_348' title='bbox 1467 4754 1681 4841; x_wconf 69' lang='lat' dir='ltr'><strong>mendacior</strong></span> 
     </span>
    </p>
   </div>
   <div class='ocr_carea' id='block_1_12' title="bbox 857 4828 1630 4937">
    <p class='ocr_par' dir='ltr' id='par_1_13' title="bbox 857 4828 1630 4937">
     <span class='ocr_line' id='line_1_39' title="bbox 857 4828 1630 4937; baseline 0.034 -28"><span class='ocrx_word' id='word_1_349' title='bbox 857 4828 1008 4911; x_wconf 31' lang='lat' dir='ltr'><strong>*oua</strong></span> <span class='ocrx_word' id='word_1_350' title='bbox 1527 4851 1630 4937; x_wconf 85' lang='lat' dir='ltr'><strong>Ntim</strong></span> 
     </span>
    </p>
   </div>
   <div class='ocr_carea' id='block_1_13' title="bbox 308 4996 1321 5139">
    <p class='ocr_par' dir='ltr' id='par_1_14' title="bbox 308 4996 1321 5139">
     <span class='ocr_line' id='line_1_40' title="bbox 308 4996 1321 5139; baseline -0.026 -49"><span class='ocrx_word' id='word_1_351' title='bbox 308 4996 1079 5139; x_wconf 40' lang='lat' dir='ltr'><strong>&#39;ji&#39;lona-Tomamllbdo,§.pb12,12,</strong></span> <span class='ocrx_word' id='word_1_352' title='bbox 1177 5073 1181 5081; x_wconf 84' lang='lat'><em>.</em></span> <span class='ocrx_word' id='word_1_353' title='bbox 1316 5016 1321 5023; x_wconf 87' lang='lat'><strong>·</strong></span> 
     </span>
    </p>
   </div>
   <div class='ocr_carea' id='block_1_14' title="bbox 0 0 1976 6132">
    <p class='ocr_par' dir='ltr' id='par_1_15' title="bbox 0 0 1976 6132">
     <span class='ocr_line' id='line_1_41' title="bbox 0 0 1976 6132; baseline 0 0"><span class='ocrx_word' id='word_1_354' title='bbox 0 0 1976 6132; x_wconf 95' lang='lat' dir='ltr'><strong> </strong></span> 
     </span>
    </p>
   </div>
  </div>
 </body>
</html>
