3942 6134
808 1054 1149 1159 .'......
1178 1165 1183 1174 .
1578 1113 1655 1196 tas

593 1242 1232 1383 ··=·‘§{a.·

308 1426 312 1436 '
402 1418 529 1515 ltaque
544 1410 716 1497 Pontifex
732 1410 793 1488 sua
808 1408 887 1509 usus
904 1406 1105 1507 potestate,
1129 1432 1232 1505 quarn
1247 1413 1299 1489 illi
1316 1412 1445 1494 diuino
1456 1420 1538 1515 jure
1555 1407 1705 1519 compe·

255 1536 334 1600 tere
353 1540 480 1595 omnes
499 1516 679 1590 Catholici
693 1507 1041 1588 consensuuoanimi
1060 1508 1298 1608 profitentur,
1321 1510 1577 1615 Episcoporum
1594 1528 1705 1625 negli·
1779 1514 1782 1520 ’

255 1622 412 1725 gentiam
430 1616 635 1712 supplendi,
646 1612 689 1689 ¹&
703 1610 928 1709 corrigendi,
944 1614 1007 1685 ubi
1023 1611 1234 1706 discipline,
1248 1628 1310 1687 aut
1323 1614 1499 1693 sacrorum
1512 1612 1705 1704 Canonuoa

258 1744 334 1799 noo
355 1720 477 1793 debite
496 1716 729 1790 observantes
747 1713 848 1801 sont;
871 1710 935 1783 suo
954 1708 1097 1784 Nuntio
1118 1708 1227 1785 Pacca
1247 1714 1292 1787 N
1295 1714 1339 1793 B.
1359 1738 1436 1791 nou
1453 1715 1631 1797 ordinaria
1646 1726 1718 1798 dei

256 1822 458 1919 legatione,
477 1816 537 1891 sed
550 1807 692 1910 speciali
707 1808 951 1887 commissione
965 1812 1305 1905 distribepraecepit,
1319 1828 1359 1886 ot
1371 1820 1519 1892 nomine
1531 1818 1711 1897 &Austo-
1811 1822 1842 1878 κ’
1913 1787 1917 1793 ’

256 1927 363 1997 ritate
376 1918 590 2013 Apostolica
601 1914 758 1988 curatos
773 1908 983 2000 instrueret,
1010 1931 1095 2003 quas
1108 1910 1326 2006 dispensandi
1341 1912 1548 2009 facultates,
1570 1915 1603 1991 n
1620 1939 1707 2013 quas

183 2012 190 2019 ’
262 2042 338 2097 non
355 2014 625 2111 Archiepiscopi
645 2016 841 2107 haberent,
861 2032 1020 2104 quanam
1034 2012 1260 2085 matrimonia
1273 2034 1340 2107 pro
1353 2016 1470 2105 veris,
1494 2018 1622 2109 &qua
1638 2043 1708 2115 pro
1750 2047 1757 2058 ’

261 2122 369 2195 nullis
383 2117 547 2193 habenda
563 2114 687 2189 essent.
739 2110 827 2185 Haec
846 2108 1028 2185 inlituslio
1045 2110 1210 2186 sermone
1224 2114 1338 2195 latino
1350 2131 1561 2209 concepta,
1572 2140 1620 2192 ne
1637 2115 1709 2214 qua'

262 2219 428 2295 conlusio
443 2216 562 2291 'coram
574 2207 688 2309 'plebe
706 2208 906 2287 Palloribus
919 2214 1095 2299 oriretur,
1114 2225 1253 2285 tantum
1267 2208 1407 2285 Curatis
1420 2213 1464 2287 ad
1476 2214 1631 2293 debitam
1644 2242 1711 2295 oo
1849 2203 1855 2213 ¹

260 2321 376 2393 titiam
401 2319 633 2403 mittebatur,
658 2318 695 2389 io
717 2334 786 2406 qua
803 2306 1053 2406 simplicissimis
1075 2313 1215 2400 verbis,
1237 2314 1404 2390 abonmi
1426 2317 1713 2408 exprobratione

259 2417 396 2493 alamir
410 2414 522 2510 justa,
548 2417 656 2509 longe
672 2416 796 2487 alienis
817 2412 1007 2485 facultates
1023 2410 1356 2503 indicantumnuaa
1370 2402 1462 2486 ultra
1477 2416 1632 2488 seculum
1648 2417 1711 2491 sru-

259 2521 333 2614 guli
350 2514 644 2606 Arcbiepiscopi,
665 2515 709 2585 ab
726 2530 822 2587 anno
852 2514 949 2601 1645'
968 2506 1226 2601 Colonieoses,
1248 2516 1293 2583 ab
1315 2532 1411 2588 anno
1438 2519 1508 2607 165
1553 2514 1709 2611 Mogun·
1779 2558 1784 2568 ·
1808 2522 1820 2529 '

261 2620 349 2711 tini,
373 2618 417 2689 ab
432 2632 529 2689 anuo
549 2618 633 2686 166
645 2637 662 2686 r·
685 2609 920 2685 Trevireoses
939 2611 1156 2706 supplicibus
1177 2614 1344 2707 precibus
1366 2536 1601 2691 aunarium
1618 2614 1713 2692 Sede

233 2718 452 2813 impetrare
469 2710 744 2787 consueverant.
1017 2762 1058 2801 ·,
1287 2740 1294 2750 ¹
1373 2719 1377 2723 ’

906 2842 1027 2987 'so

413 2980 687 3113 Archiepiscopi
717 3026 836 3087 autem
858 3012 993 3087 summe
1015 3009 1161 3111 indigne
1178 3010 1359 3104 ferentes,
1383 3030 1572 3094 romanum
1596 3016 1718 3096 Pasto.

264 3138 340 3194 rens
353 3122 447 3195 banc
461 3118 553 3209 quast
569 3122 695 3190 rimam
707 3114 786 3187 ostii
807 3110 981 3190 invenisse
999 3111 1196 3203 apostolica
1215 3134 1311 3187 voce
1332 3116 1397 3187 suis
1413 3138 1493 3206 cum
1513 3122 1646 3194 ovibus
1663 3124 1718 3197 lo·
1788 3132 1792 3139 '
1835 3137 1839 3147 ’

265 3218 421 3315 qttendi,
446 3218 515 3311 jam
537 3217 598 3291 irbi
619 3214 797 3288 moderari
823 3210 899 3287 non'
922 3214 1072 3305 amplius
1089 3214 1280 3302 valebant,
1310 3218 1501 3304 quominus
1516 3216 1600 3291 diris
1614 3224 1718 3293 inve·

266 3320 368 3395 &ivis
398 3316 593 3389 vernacula
618 3318 737 3411 lingua
763 3312 951 3405 publicatis
971 3312 1065 3384 hanc
1085 3310 1191 3403 ipsam
1216 3310 1426 3406 pastoralem
1451 3312 1719 3393 instructionem

267 3414 487 3494 lacesserent.
522 3412 575 3487 lta
591 3417 726 3508 primus
739 3410 966 3485 Colonienfis
986 3410 1050 3481 die
1065 3433 1109 3484 re
1126 3412 1316 3485 Decembr.
1334 3434 1432 3489 anno
1451 3420 1546 3506 1786
1567 3420 1718 3508 publico

270 3518 420 3591 decreto
436 3516 604 3589 omnibus
619 3512 785 3587 Parochis
802 3512 1016 3604 imperavit,
1034 3507 1301 3587 iustrusiionem
1322 3532 1340 3582 a
1357 3510 1501 3586 Nuntio
1517 3514 1719 3607 apostolico

270 3628 454 3709 acceptam
472 3616 544 3689 fine
560 3611 878 3711 tergiversatione,
896 3608 1117 3705 perprimam
1127 3609 1263 3703 postam
1281 3609 1343 3684 sub
1356 3612 1506 3704 eodem,
1520 3634 1594 3707 quo
1608 3632 1721 3692 trans·

214 3742 221 3755 ¹
271 3716 368 3793 nilla
382 3716 461 3803 est,
475 3716 671 3791 involucro
696 3715 740 3785 ad
762 3710 959 3787 Austorem
983 3708 1084 3801 suum
1104 3714 1291 3783 remittere
1298 3758 1313 3798 ,
1333 3711 1369 3781 u
1388 3712 1492 3804 hujus
1514 3711 1743 3790 remissionis

272 3812 506 3891 certificatum
529 3820 572 3885 ab
589 3812 810 3887 Officialibus
828 3808 939 3903 postae
957 3810 1162 3900 requirere,
1187 3808 1232 3883 ad
1250 3812 1471 3884 vicariatum
1486 3814 1721 3908 archiepisco·
1779 3832 1782 3837 ’
1900 3762 1907 3769 ’

272 3917 390 4009 palem
412 3910 600 3985 confestim
627 3911 915 3996 immittendum,
947 3908 1111 4000 adjunsla
1134 3913 1251 4004 gravis
1277 3925 1392 4003 poesin
1412 3915 1722 4015 comminatione,

277 4012 365 4103 fiqtti
389 4010 537 4083 i'aroclri
564 4006 1061 4098 aromanaSedescriptum,
1077 4002 1391 4105 Breve,Bullam,
1413 4012 1724 4105 dispensationem

275 4130 338 4189 aut
353 4110 611 4201 cujuscumque
626 4107 781 4197 nominis
794 4104 892 4193 iem,
912 4106 974 4177 nlsr
996 4121 1103 4181 antea
1120 4110 1273 4186 obtenta
1289 4118 1335 4185 ab
1348 4111 1631 4206 archiepiscopo
1647 4111 1725 4186 scri.

274 4228 338 4307 pta
355 4213 521 4303 licentia,
540 4223 730 4306 acceptare
743 4202 1000 4301 presumserint
1018 4207 1068 4299 a),
1140 4225 1198 4284 f·
1561 4237 1567 4249 ·

929 4383 982 4501 §.·
1002 4406 1069 4477 ιο.
1109 4462 1114 4467 .

284 4560 292 4573 ·
424 4523 1726 4625 SimilisprohibitioexOffieial‘atuTrevirenilaoDecembnannorpsso

255 4628 321 4734 ‚ati
334 4624 513 4702 Parocbos
533 4627 649 4703 emiila
661 4628 757 4717 suit,
774 4627 832 4703 sed
849 4627 1096 4806 minulsiaidlr2uc
1108 4632 1315 4758 temperatis
1328 4630 1494 4705 vocibus.
1522 4630 1726 4805 Aaegfflid

283 4832 954 4864 mmm—nu·-

356 4870 385 4954 ’)
408 4868 439 4927 Si
454 4869 525 4927 tauri
546 4862 646 4923 i’irclri
660 4859 862 4943 jussipit'copi
884 4860 1021 4925 adversus
1043 4862 1124 4924 suum
1143 4860 1307 4934 supremum
1324 4861 1421 4934 Caput
1439 4862 1582 4940 habraam
1615 4884 1727 4944 quanto

392 4952 496 5029 jullius
514 4948 649 5009 adversus
669 4946 830 5021 Episcopos
850 4953 1000 5011 habebunt
1016 4948 1192 5021 Principes?
1222 4948 1342 5011 Elesior
1360 4948 1507 5011 Palatinus
1525 4952 1611 5014 brevi
1628 4953 1729 5028 postca

334 5060 356 5105 ,·
399 5036 559 5113 jullilimas
574 5034 658 5139 viees
672 5032 911 5113 archiepiscopis
925 5036 1063 5146 repersdit
1076 5035 1198 5097 decreto
1213 5034 1336 5102 oMart.
1358 5048 1449 5111 1787.

581 5214 605 5301 'a
