3942 6134
775 1108 1243 1173 *α’
1504 1124 1619 1207 31

202 1258 421 1369 'timeocoe
438 1283 599 1359 unanimi
615 1280 800 1360 Presuluru
822 1276 1015 1371 consensu,
1047 1300 1179 1372 nempe
1197 1288 1425 1375 conciliariter,
1457 1286 1530 1365 asta
1547 1291 1671 1367 Marti.

106 1401 107 1458 i
217 1390 340 1468 nro
364 1382 663 1481 approbaverat?
703 1386 874 1457 Praeterea
896 1384 921 1455 ti
945 1380 1066 1453 Patres
1086 1380 1285 1453 Florentini
1310 1380 1493 1461 Pontificio
1518 1391 1677 1481 potesta·¹

106 1552 109 1702 l

216 1482 291 1564 tem
301 1488 501 1575 etantiqua
511 1476 1001 1567 tourin288.c0ncirio'rum‚
1028 1476 1668 1583 &Canopumrestrtoamjuiicaiienq

213 1590 250 1662 or
273 1588 335 1663 sibi
361 1582 445 1676 ipsis
471 1585 506 1653 in
530 1580 653 1655 eadem
681 1580 857 1657 sententia
880 1575 1194 1663 contradixisscnt,
1220 1578 1253 1649 or
1276 1582 1382 1653 nobis
1408 1583 1665 1677 imposuissent,

106 1705 107 1734 ¹
208 1686 344 1781 (quod
371 1681 471 1757 nesae
499 1676 687 1773 cogitatu)
717 1687 842 1775 plenam
876 1677 1046 1751 vocando
1078 1674 1261 1752 Pontificis
1293 1680 1508 1769 potestatem
1541 1688 1668 1779 guber·

106 1789 107 1818 ³
211 1784 325 1861 nandi
348 1780 524 1871 morosam
543 1776 749 1854 Ecclesiam
802 1776 1005 1851 Concilium
1030 1792 1147 1847 autem
1171 1774 1459 1851 Lateranense'V
1473 1778 1665 1857 clarrffimc

212 1884 412 1957 declaravit
435 1886 510 1975 *it
559 1878 742 1959 Rumonem
774 1874 970 1971 Pomijicani
988 1874 1231 2009 'Auctoritatem
1258 1880 1352 1976 lupar
1380 1882 1488 1955 omma
1524 1883 1664 1961 &mrito

212 1985 332 2058 tone.

878 2148 990 2265 it·
1120 2212 1121 2215 κ
1207 2140 1212 2150 “

272 2307 277 2317 ’
352 2295 461 2374 Haud
485 2288 566 2373 sane
588 2295 717 2371 inutile
739 2292 870 2385 suerit,
906 2296 1061 2387 ipsorum
1087 2294 1192 2371 etiam
1214 2292 1422 2377 Graecorum
1448 2298 1494 2376 de
1513 2298 1662 2378 Pontifi-

106 2415 107 2458 ὲ
213 2400 267 2476 cia
286 2397 518 2473 Authoritate
535 2394 791 2471 consessionem
807 2394 1004 2487 percipere.
1051 2390 1230 2470 Besiarion
1247 2396 1447 2493 satriarcha
1463 2398 1666 2475 Constanti·

106 2515 107 2539 ¹
210 2498 444 2590 nopolitauuc
463 2514 568 2570 antea
585 2494 793 2569 Graecorum
809 2490 996 2565 schismate
1015 2494 1225 2584 involutus,
1249 2496 1285 2568 in
1304 2496 1456 2591 Synodo
1476 2520 1567 2571 vero
1586 2498 1668 2573 Flo·

106 2615 107 2622 ‘
211 2599 352 2672 tertona
372 2617 533 2671 errorem
554 2592 653 2669 suum
677 2590 850 2667 dedomo
871 2589 1056 2685 epistolam
1078 2595 1298 2685 encyclicam
1324 2597 1367 2669 ad
1386 2618 1512 2669 omnes
1536 2598 1584 2669 sui
1608 2594 1667 2671 Pa·

211 2695 422 2769 triarchatus
443 2693 746 2789 Archiepiscopoa
766 2690 866 2763 dedit
884 2691 987 2783 hujus
1011 2691 1171 2765 tenoris:
1215 2692 1278 2782 „si
1299 2694 1500 2768 Dosiorum
1524 2694 1667 2769 nostro·

106 2855 107 2862 r
209 2814 316 2887 „rum
338 2796 450 2869 libros
473 2794 708 2879 evolverint,
748 2790 943 2863 invenietia
959 2787 1160 2863 Romanam
1180 2776 1372 2867 Ecclesiam
1399 2794 1500 2889 supra
1526 2808 1664 2867 ceterae

207 2914 365 2986 „omues
386 2891 600 2986 potestatem
621 2891 772 2980 habere,
799 2889 832 2961 or
853 2890 902 2961 ita
920 2888 1074 2981 universe
1093 2888 1236 2981 praesse
1256 2888 1444 2981 Ecclesiae,
1471 2907 1511 2964 ut
1530 2894 1666 2987 aboque

207 2994 317 3085 „ejus
331 2991 552 3066 authoritate
569 2993 667 3063 nulia
688 2986 829 3081 prorsus
851 2984 1083 3061 ecciefialiica
1098 2988 1244 3079 questio
1263 2986 1381 3080 solvi,
1418 2993 1557 3065 nulium
1576 2992 1667 3091 dog·¹
1733 3020 1736 3025 ¹

206 3110 295 3178 ,qma
311 3091 482 3165 concludi
499 3086 623 3183 possit,
665 3102 728 3159 aut
743 3087 884 3159 debeat.
910 3134 955 3149 -
1003 3082 1092 3157 Haec
1109 3083 1183 3175 est,
1220 3110 1298 3181 quac
1313 3088 1421 3163 fidem
1442 3088 1533 3163 Petri
1549 3105 1666 3183 tenet,

203 3188 268 3279 „iit
295 3188 486 3277 praedicate
519 3188 597 3259 haec
616 3185 689 3257 soie
710 3183 783 3271 est,
817 3184 985 3255 advusuo
1008 3202 1111 3270 quam
1132 3198 1246 3273 porte
1269 3186 1372 3259 inseri
1396 3204 1471 3261 non
1496 3192 1665 3282 prevale·

197 3286 377 3374 ‘„bunt.“
426 3281 532 3353 Alter
548 3281 721 3366 meua,
759 3282 821 3369 qui
838 3278 971 3370 pariter
986 3276 1180 3350 Florentia
1197 3278 1366 3355 Concilio
1385 3285 1549 3364 interfuit
1563 3287 1632 3381 Jot
1647 3325 1664 3348 ·

206 3382 302 3477 pirus
321 3378 573 3453 Methonensro
588 3375 787 3470 Episcopus
806 3376 842 3449 in
859 3372 1106 3467 Responfione
1123 3374 1167 3451 ad
1185 3379 1346 3455 libellum
1363 3382 1478 3458 Marci
1495 3380 1664 3478 Ephesrni

208 3502 291 3553 eum
306 3478 357 3550 ica
373 3479 587 3567 alloquitur:
611 3475 676 3562 „A
696 3493 733 3547 te
751 3494 862 3567 porro
879 3474 1062 3547 emendari
1078 3472 1276 3553 Romanam
1293 3478 1484 3559 Ecclesiam
1501 3487 1550 3559 nii
1570 3506 1663 3579 opus

209 3588 324 3667 „erat
373 3572 468 3647 Nam
489 3576 547 3647 illa
567 3571 771 3649 cononum
793 3572 844 3646 cst
864 3575 1093 3667 gubernatrix
1117 3568 1374 3671 Ecclesrar'um,
1408 3582 1665 3679 &egrotanti-

210 3683 301 3769 „buo
318 3671 483 3747 Eccleirio
495 3669 701 3765 peritissime
714 3670 898 3761 medetur,
925 3692 1005 3746 cum
1024 3671 1235 3763 potestatem
1252 3698 1272 3749 a
1289 3676 1429 3753 Christo
1446 3686 1585 3773 accepit
1607 3704 1666 3757 re-

106 3745 107 3814 ἶ
209 3772 340 3869 „genili
361 3774 466 3857 aliae,
488 3770 525 3841 or
543 3769 784 3867 gubernandi,
809 3790 885 3843 non
908 3787 949 3842 ut
973 3768 1044 3861 ipsa
1066 3770 1299 3863 confirmetur
1323 3780 1367 3851 ab
1389 3782 1476 3853 aliia.
1527 3780 1585 3854 Et·
1604 3800 1659 3873 tu,

208 3872 351 3963 „inquit
377 3868 544 3943 Salvator
577 3868 621 3942 ad
651 3866 822 3959 Petrum,
866 3870 1058 3960 aliquando
1100 3874 1296 3949 conversus
1327 3876 1500 3952 confirma
1532 3880 1662 3957 fratrea

210 3985 343 4062 „cuore
379 3988 456 4041 non
482 3960 599 4058 dixit‚'
634 3963 818 4056 confirmare
839 3987 860 4040 a
879 3967 1047 4043 fratribus
1072 3962 1141 4041 t'uie
1154 4023 1167 4059 ,
1203 3968 1261 4044 sed
1282 3974 1469 4070 confirmo.“
1522 3978 1577 4055 lta
1598 3982 1661 4057 vel

211 4071 309 4161 greci
335 4066 515 4141 Dostoreo
546 4086 628 4139 curu
656 4066 775 4136 ianuis
798 4066 1024 4141 conveniunt
1064 4068 1101 4139 in
1127 4083 1231 4141 textu
1266 4072 1338 4148 hoc
1370 4077 1680 4168 interpretando.-

212 4164 350 4239 Revera
365 4181 483 4239 autem
502 4163 599 4238 sacer
613 4176 736 4237 textus
751 4166 788 4236 io
807 4165 912 4237 alium
927 4164 1062 4239 sensum
1077 4166 1150 4239 stne
1168 4170 1428 4265 manifestavi,
1455 4176 1513 4248 vel
1533 4175 1659 4250 fraude

213 4264 415 4354 detorqueri
434 4264 571 4354 nequit
622 4259 700 4335 Oli
722 4264 882 4355 plerique
898 4262 1098 4340 Doctorum
1118 4264 1318 4345 nostrorum
1339 4276 1564 4347 voluntatem
1582 4293 1660 4363 non

214 4362 409 4450 haberent,
432 4360 493 4435 scel
515 4377 655 4435 tantum
675 4360 922 4450 intellectum
956 4380 1022 4455 per
1042 4364 1381 4466 capuchocmeum
1405 4374 1530 4443 coeium
1556 4374 1661 4449 oble·

212 4458 305 4548 sior,
343 4478 419 4533 non
435 4479 546 4535 unum
563 4459 643 4535 sot'e
658 4462 837 4552 aliquem,
875 4462 932 4534 cui
948 4460 1070 4538 divina
1086 4461 1130 4534 ad
1150 4461 1291 4540 Petrum
1309 4468 1450 4558 eloquia
1468 4464 1546 4541 satis
1564 4472 1659 4549 clara

212 4577 283 4629 non
305 4556 451 4645 soient,
481 4559 635 4656 utadeo
654 4562 853 4653 naturalem
874 4558 1051 4649 nostram,
1088 4560 1429 4643 &communionem
1448 4570 1659 4661 interpreta-

211 4657 345 4730 tionem
364 4653 594 4734 inficiarecur.
642 4656 721 4731 Ab!
747 4658 914 4736 sublimio
935 4660 998 4735 ilia
1021 4661 1196 4761 cogitatio
1219 4659 1410 4757 euchario,
1432 4666 1547 4766 gallici
1567 4666 1656 4745 Scri·

369 4786 375 4797 ·
712 4780 717 4789 ⁴
1453 4790 1457 4796 ·
1492 4782 1609 4861 ptono

209 4852 869 4889 ..ιι-..Ἢ
1399 4884 1403 4889 .
1426 4879 1430 4885 .

241 4913 244 4917 ’
284 4900 483 4985 ‘issimu-
523 4886 530 4921 ²
574 4935 578 4941 ·
879 4985 915 5071 L
