3942 6134
831 1109 1186 1163 ==*=·¹
1319 1089 1325 1096 ’
1439 1080 1443 1087 ’
1583 1118 1656 1206 am
1776 1126 1780 1133 ·

232 1283 444 1459 gnanus
471 1279 731 1381 pretendunt,-
777 1271 1040 1352 &inceffauter
1057 1273 1176 1350 veluti
1189 1271 1341 1356 sufflatus
1365 1283 1480 1364 bullas
1499 1288 1539 1366 in
1551 1291 1632 1368 adra
1652 1294 1705 1389 ja.

301 1396 390 1458 taut.
608 1423 614 1468 r
1468 1420 1472 1428 .

240 1643 258 1658 „
537 1502 1290 1650 'ffsausseutusvu

256 1727 306 1820 t„
359 1688 364 1694 '
435 1701 510 1782 De
539 1701 669 1820 sm
707 1701 925 1796 &lucili
961 1702 1379 1809 appellationum
1412 1711 1512 1811 usu.

927 1876 1040 1994 pu

250 2019 395 2160 Hisce
406 2033 506 2100 tauta
519 2021 689 2118 sapientia
706 2020 1008 2098 &moderatione
1015 2021 1087 2115 jam
1101 2019 1295 2119 ordinatis,
1316 2023 1553 2124 prout'modo
1566 2059 1585 2114 a
1598 2046 1706 2121 nobis

138 2163 160 2214 ἢ
347 2122 609 2212 οῆεῃΐυωείῖ,
622 2123 712 2214 quis
728 2143 802 2198 nou
820 2133 926 2216 putet
939 2120 1151 2214 superfluam
1169 2125 1240 2200 else
1252 2127 1299 2201 de
1309 2127 1439 2205 sano&
1454 2137 1531 2208 utili
1549 2146 1707 2236 appella·

205 2285 208 2292 ,
251 2227 397 2298 tionum
412 2223 474 2308 usu
485 2220 760 2299 tradiationemi
786 2219 920 2313 Neque
933 2221 1029 2294 enim
1043 2222 1179 2321 juribus
1187 2230 1259 2318 jam
1274 2231 1412 2322 optime
1426 2230 1706 2326 dispostisaliud

251 2321 342 2415 quid
366 2337 494 2416 preter
515 2320 725 2395 eorumdem
741 2321 871 2413 jurium
893 2323 1148 2395 executionem
1172 2323 1377 2401 faciendum
1392 2326 1558 2421 superest.
1594 2338 1707 2418 -Hinc

204 2487 207 2493 .
254 2438 378 2496 autem
404 2422 474 2492 ille
499 2421 668 2492 lacrimae!
703 2416 981 2493 Provincialium
997 2419 1031 2490 di
1046 2419 1318 2498 dioecesanarum
1345 2449 1390 2500 ex
1413 2441 1570 2523 utroque
1593 2430 1705 2514 Clero

192 2498 201 2522 '
252 2533 329 2594 tam
342 2517 511 2607 seculari,
528 2537 631 2610 quam
646 2519 797 2612 regulari
811 2517 1042 2609 synodorum
1056 2516 1101 2591 ad
1113 2518 1330 2613 disciplinam
1341 2523 1597 2607 instaurandam
1614 2533 1707 2630 opti·

250 2639 312 2694 ma
331 2617 487 2691 remedia
511 2613 587 2690 ser'e
601 2617 734 2707 ubique
748 2613 784 2687 iu
801 2614 993 2689 Germania
1008 2618 1069 2687 vel
1086 2619 1268 2711 negledla,
1288 2626 1349 2694 vel
1366 2643 1465 2698 certe
1481 2637 1706 2721 pretermissa

249 2715 354 2793 sunt:
385 2715 471 2789 hinc
493 2727 614 2806 neqoe
629 2713 769 2806 judiees
787 2714 824 2786 in
844 2712 1013 2786 ¹Partibus
1034 2713 1227 2812 designati,
1252 2718 1285 2790 u
1308 2719 1393 2794 inde
1415 2744 1513 2799 nova
1537 2733 1555 2815 s
1565 2744 1706 2813 tantum
1770 2725 1776 2738 ⁴

252 2817 389 2910 norisio
403 2813 574 2888 dutbores
588 2809 733 2907 culpe)
756 2815 902 2886 materia
918 2815 1176 2908 gravaminum.
1227 2818 1413 2919 Quantum
1431 2832 1569 2902 romani
1584 2830 1708 2910 Ponti-

250 2900 342 2994 fices
357 2911 640 3006 rediblrljlrliiliae
655 2908 1018 3000 administrationem,
1038 2911 1072 2983 or
1087 2913 1299 3008 litigantium
1313 2919 1583 3001 indemnitatem
1603 2935 1705 3010 cordi

252 3010 692 3106 habuerint,prmceteris
706 3006 864 3082 ostendit
876 3009 1706 3113 immortalis-memoriarapassene'dulusxlv
1802 3089 1806 3092 -

252 3111 407 3208 epistola
423 3111 627 3200 ency'cliea,
647 3105 727 3201 post
740 3106 939 3202 supremum
954 3106 1121 3182 Ecclesia
1137 3114 1280 3187 clavum
1293 3116 1335 3190 in
1349 3117 1383 3191 se
1398 3119 1593 3218 susceptum
1606 3151 1705 3210 anno
1733 3125 1740 3132 ’

255 3231 374 3303 1741
396 3208 440 3281 ad
456 3217 585 3280 omnes
600 3205 712 3280 Archi
728 3247 740 3266 ·
755 3203 1002 3304 &Episcopus
1015 3208 1115 3299 data,
1132 3229 1201 3300 qua
1217 3209 1292 3286 suas
1308 3217 1377 3289 illis
1395 3241 1523 3314 graves
1540 3249 1641 3304 curas
1658 3231 1706 3310 de

254 3309 419 3404 judicum
435 3304 713 3399 delegendorum
732 3305 791 3378 vel
811 3306 1032 3399 ignorantia,
1054 3311 1121 3381 vel·
1135 3310 1269 3384 malitia
1282 3315 1491 3396 manifestat.
1540 3324 1706 3424 Cumque

198 3401 212 3412 .
250 3409 363 3486 mile
381 3406 486 3499 huju,
503 3406 716 3498 corruptele
730 3402 886 3477 radicem
903 3403 1110 3501 detegeret,
1138 3412 1285 3500 eoquod
1303 3414 1504 3514 praescripta
1520 3435 1704 3508 canonicis
1850 3421 1871 3434 ⁸

252 3503 495 3585 sansllonibus
506 3502 666 3595 judicum
685 3501 906 3598 synodalium
923 3501 1118 3600 designatio
1131 3511 1322 3604 universim
1338 3514 1424 3589 esset
1436 3524 1618 3618 neglebla;
1636 3535 1704 3626 pro

254 3606 412 3702 injunila
430 3604 492 3680 sibi
508 3604 669 3678 onmium
687 3600 922 3677 Ecclesiamm
941 3601 1184 3680 sollicitudine
1198 3606 1398 3707 Episcopos
1416 3617 1645 3720 hortabatur,
1669 3633 1703 3707 br

189 3711 202 3722 ¹
255 3705 524 3794 obtestabatur,
545 3717 585 3784 ut
603 3703 746 3778 sublatis
763 3703 949 3796 quibusvis
965 3704 1230 3810 impedimentis
1246 3708 1408 3788 Concilia
1421 3723 1703 3811 provincialia&

253 3802 463 3900 synodalia,
477 3801 589 3874 sicubi
606 3799 728 3874 omissa
745 3802 846 3890 sunt,
866 3805 1125 3897 quamprimum
1140 3806 1262 3882 baberi
1278 3829 1454 3890 curarent.
1496 3819 1703 3923 Largiorem

256 3903 377 3978 adhuc
393 3902 430 3973 su
444 3897 683 3972 concedendo
696 3896 894 3975 Ordinariis
937 3903 1125 4000 rivilegio,
1145 3908 1238 3979 ultra
1254 3927 1358 4000 quam
1378 3937 1443 4007 per
1458 3915 1626 4003 Capones
1641 3933 1705 4005 de.

253 4005 374 4090 beret,
402 4000 460 4072 bic
473 3994 643 4072 Pontifex
661 3995 696 4069 se
708 3997 880 4088 praellitit,
906 3924 1092 4096 {piscem
1111 4008 1335 4104 permittens,
1359 4027 1400 4088 ut
1416 4037 1529 4111 usque
1544 4025 1587 4096 ad
1600 4027 1702 4120 syno-

254 4101 372 4176 dalem
392 4097 548 4192 judicum
567 4093 900 4172 denominationem
920 4101 1064 4176 interim
1082 4125 1164 4178 cum
1183 4103 1245 4177 suo
1262 4105 1432 4205 Capitulo
1450 4123 1622 4209 quosdam
1641 4132 1702 4202 eli·

183 4187 191 4204 ’
254 4193 788 4298 gerental’apadefignandos:
811 4197 1353 4292 illorumqueuominaRomam
1367 4207 1703 4318 mitterenq&qu1⁴.
1801 4281 1823 4306 „

255 4301 339 4372 dem
358 4317 425 4390 pro
442 4295 654 4370 Dioecesum
671 4293 907 4388 amplitudine
922 4300 1043 4394 plures
1060 4303 1189 4397 enam,
1207 4326 1311 4400 quam
1328 4326 1503 4410 quatuor,
1522 4322 1636 4401 modo
1650 4331 1701 4402 vl·

252 4417 316 4474 ros
328 4396 416 4490 juris
427 4395 557 4490 peritia
573 4393 622 4470 sat
638 4393 733 4470 be'ne
749 4392 948 4474 instruilos.
1545 4419 1550 4424 ’

922 4569 1029 4694 §a

255 4751 261 4758 =
402 4711 501 4790 idern
510 4711 681 4792 Pontifex
701 4695 798 4794 anno
818 4715 990 4817 sequente
1005 4723 1108 4798 aliam
1124 4725 1236 4802 edidit
1252 4722 1555 4814 constitutionem
1573 4742 1633 4820 Ad
1644 4753 1700 4824 mi·

254 4820 376 4894 litaniis
398 4814 537 4909 Ecrbsm
553 4817 591 4892 in
607 4838 687 4892 eum
711 4815 841 4912 finem,
866 4819 976 4915 prout
987 4823 1061 4916 ipse
1077 4827 1255 4918 loquiturr
1278 4829 1370 4922 „Ut
1385 4855 1511 4930 graves
1529 4842 1699 4940 nimium,

228 4915 479 5014 “„diuturue,
505 4917 682 5016 nulloque
702 4938 869 5016 umquam
892 4933 1058 5100 scripura
1079 4921 1280 5004 intermisse
1300 4927 1583 5033 Episcopurum‚
1612 4949 1701 5056 alio.

988 5043 1015 5101 ¹
1228 5092 1231 5096 ⁴
1531 5061 1650 5134 aarum·
