3942 6134
290 1073 534 1166 eat'
767 1048 1100 1133 *²²⁸²-

52 1328 55 1335 ,
87 1258 93 1270 ·
235 1222 570 1340 Ᾱτάιίρτωίῑιῐὶδυε,
599 1235 667 1320 sod
695 1235 729 1313 it
755 1245 827 1316 oiiit
854 1233 988 1337 quedem
1011 1241 1164 1316 Nutitnit
1184 1237 1410 1337 Principibus,
1452 1237 1498 1327 ὁ*
1521 1235 1685 1336 Praeiatir',

235 1367 307 1420 cum
325 1347 439 1440 quibus
451 1342 557 1438 fuerit
577 1343 672 1438 opus,
710 1343 810 1436 super
833 1339 1029 1432 obseruantia
1050 1341 1096 1425 ὁ·
1112 1337 1339 1432 modificatione
1358 1342 1555 1414 bearorum
1576 1346 1683 1436 bique·

232 1443 341 1530 mcii,
379 1465 435 1519 rtet
458 1465 519 1516 uon
533 1440 626 1537 super
641 1437 815 1536 prooissorr
840 1439 930 1536 Sedit
950 1437 1118 1534 apostolica
1140 1443 1276 1515 cratem
1296 1443 1433 1534 poterit,
1476 1440 1520 1523 8
1534 1436 1697 1533 fiuuno'

235 1545 429 1618 matertera.
478 1537 604 1630 Usque
623 1537 668 1612 ad
689 1539 765 1612 hnc
785 1535 880 1610 enirn
906 1535 980 1610 duo
1003 1536 1161 1630 panea,
1184 1555 1222 1614 ut
1236 1540 1420 1637 proditioue
1438 1537 1503 1627 rit,
1529 1548 1683 1612 concor·
1808 1610 1816 1630 ,

237 1639 359 1716 datum
390 1631 471 1712 eum
500 1634 686 1712 Germanic
716 1657 779 1726 per
807 1635 962 1728 priorem
992 1635 1229 1734 Legationem
1261 1638 1397 1710 summo
1430 1635 1680 1724 Romanorum
1917 1646 1918 1657 ‘

236 1738 367 1836 gaudio
385 1739 458 1830 jam
480 1751 555 1810 erat
578 1733 795 1810 concinium.
848 1733 979 1810 Interim
1003 1755 1093 1810 vero
1114 1739 1195 1813 NB.
1213 1738 1367 1821 relative
1388 1734 1433 1808 ud
1456 1756 1596 1810 nouum
1617 1737 1687 1810 Le·

237 1851 360 1934 garum
383 1842 420 1908 in
444 1831 670 1908 Germaniam
694 1831 930 1922 mittenditm,
954 1829 1142 1940 ·Pontifex
1168 1840 1231 1926 iic,
1279 1837 1341 1929 qui
1357 1833 1516 1916 ¹decreta
1538 1854 1687 1928 accepe·

239 1949 344 2025 runt,
382 1932 537 2026 permisit
559 1934 767 2013 ruteriorem
792 1931 1002 2012 eorumdem
1031 1930 1129 2010 usum
1142 1937 1267 2030 scilicet
1290 1930 1683 2026 cum-modificationibus,

238 2039 352 2130 quibus
370 2047 491 2128 receptu
499 2029 604 2127 furati.
640 2022 858 2111 ‘ferminum
874 2033 1006 2122 etiam,
1048 2054 1123 2127 quo
1140 2035 1217 2108 hac
1236 2029 1608 2128 permiffioeuspirare
1628 2031 1689 2106 de·

238 2137 364 2220 beret,
391 2131 469 2205 satis
485 2133 579 2204 clare
595 2128 779 2224 expreffit,
805 2133 898 2205 doute
909 2147 966 2226 per
981 2132 1140 2227 Qucum
1157 2136 1354 2228 brajurmodi,
1378 2147 1415 2204 ut
1428 2135 1611 2227 prodibam
1629 2134 1687 2227 qb,

241 2231 457 2308 concordatum
470 2227 591 2320 futur,
617 2244 679 2304 aut
694 2229 718 2304 st
736 2231 807 2306 hoc
823 2249 899 2308 non
917 2231 1141 2327 contigiffet,
1167 2227 1473 2323 beneuoluaiupa
1491 2233 1686 2332 terminum
1788 2227 1810 2260 ⁸
1918 2258 1919 2299 ι

243 2330 449 2426 prolongari
470 2329 590 2404 votuit
611 2349 724 2422 utque
745 2329 788 2402 ad
809 2329 971 2423 proxime
989 2328 1171 2422 futurum,
1204 2333 1349 2425 Jamque
1369 2325 1538 2407 inditium
1557 2327 1690 2404 Coneiz
1791 2373 1800 2384 ,
1918 2340 1919 2421 ξ

242 2430 347 2502 lium:
374 2433 428 2504 orl
441 2449 498 2526 prr
519 2425 711 2518 temetum,
735 2431 817 2524 quod
833 2429 1107 2531 terpretatorem
1122 2431 1501 2528 RegirsPrclntrrum,
1527 2429 1571 2514 θ’
1589 2427 1687 2504 Priu-
1918 2424 1919 2447 ¹

244 2533 615 2716 ttttttt'jmttt
631 2549 802 2700 tritt
818 2525 1693 2719 tttttttritttttttitt'teitt

244 2724 473 2800 decretorum
489 2721 734 2800 Bastleenfium
753 2725 1040 2820 acceptationem
1062 2724 1227 2818 firmare,
1253 2725 1312 2798 sed
1334 2727 1440 2798 unice
1458 2729 1690 2818 tranquillita-

83 2919 87 2924 .
211 2823 516 2917 ¹tiirrteriruq'at'na
536 2822 748 2916 providere,
786 2843 898 2914 usque
922 2825 1008 2900 dum
1028 2821 1226 2900 concordia
1250 2823 1351 2898 firma
1369 2825 1463 2898 circa
1482 2823 1607 2899 eadem
1628 2825 1695 2900 de«

165 2933 168 2942 “
246 2935 345 2998 creta
364 2922 439 2998 five
458 2919 665 3012 retinenda,
692 2921 767 2996 five
786 2921 1006 2997 immutanda
1026 2945 1090 3020 per
1105 2924 1277 3021 Legatum
1299 2925 1528 3012 obtineatur,
1556 2923 1606 2998 bn
1625 2929 1688 3000 mi·

246 3043 335 3112 nut3
377 3043 444 3116 pro
465 3019 522 3096 sua
543 3025 641 3096 bona
662 3023 852 3096 voluntate
871 3018 1043 3098 Pontifex
1065 3026 1185 3097 votuit
1202 3020 1458 3116 permiffionem
1481 3021 1609 3096 durare
1632 3045 1690 3098 ut·

248 3143 319 3214 que
349 3121 393 3194 ad
424 3123 525 3196 aliam
561 3119 640 3214 post
668 3121 791 3196 decent
823 3120 958 3195 menses
988 3122 1191 3198 celebrandi
1219 3119 1377 3196 Concilii
1409 3120 1688 3219 ordinationem.
1732 3187 1736 3194 .

123 3220 128 3233 “
247 3221 290 3296 ln
313 3221 419 3310 hacb
447 3221 618 3314 pothest,
634 3219 731 3312 quod
751 3218 947 3298 concordia
967 3221 1012 3294 de
1030 3221 1121 3317 sepe
1140 3221 1239 3296 ditiis
1261 3222 1415 3302 demetit
1436 3221 1592 3294 obtineri
1612 3243 1691 3298 non

248 3319 372 3416 potiit,
412 3242 494 3394 gne
523 3326 619 3396 ctiam
647 3319 801 3394 Concilii
829 3318 1095 3397 ordinationem
1124 3318 1293 3396 Pontifex
1320 3321 1445 3393 debuit
1475 3319 1690 3411 exspettare.
1773 3358 1777 3367 ·
1920 3363 1922 3372 ·

249 3421 334 3590 Sua
357 3420 507 3494 naturali
531 3423 725 3496 verborum
745 3419 1047 3512 interpretatione
1067 3419 1291 3496 manifestum
1311 3415 1376 3506 fit,
1418 3418 1635 3495 Barthetium
1655 3422 1691 3510 ir

288 3518 441 3594 brixium
460 3513 571 3590 erano
592 3537 736 3605 errore,
771 3517 833 3592 nist
856 3521 950 3592 mala
972 3517 1068 3607 fide,
1104 3520 1273 3592 voculam
1295 3520 1389 3590 airu
1407 3517 1451 3588 ad
1473 3533 1612 3609 partem
1635 3517 1690 3595 sn·

250 3615 427 3710 periorent
448 3612 493 3688 de
509 3614 676 3690 faciendo
696 3635 758 3708 per
776 3615 949 3712 Legatum
970 3615 1195 3690 concordate
1218 3611 1486 3704 transposuiiie,
1510 3618 1605 3708 quast
1622 3617 1692 3694 Eu·

110 3743 117 3754 ·
250 3712 376 3816 genius
387 3714 462 3806 jam
481 3733 571 3796 vero
589 3715 758 3811 quodam,
780 3713 941 3838 stabilire
960 3713 1065 3812 patto
1083 3712 1289 3795 Bassteenfia
1305 3712 1449 3792 decretu
1467 3713 1663 3816 admifiiiet.

395 4072 576 4153 Habienuc
596 4077 641 4158 de
657 4073 791 4168 modo,
827 4073 887 4151 seu
905 4075 1118 4153 conditione
1135 4074 1308 4169 diximus,
1343 4097 1414 4172 qua
1430 4083 1558 4156 boum
1577 4073 1694 4177 Euge·

103 4255 107 4263 ι
250 4179 331 4261 nint
347 4171 384 4252 t.
406 4181 443 4254 in
465 4177 681 4271 petitionem
699 4173 959 4252 Germanorum
980 4175 1167 4254 contente
1220 4176 1319 4283 Quid
1341 4197 1433 4252 vero
1453 4176 1692 4278 preciseGer·
1762 4240 1767 4246 .

252 4281 365 4356 toanis
385 4273 618 4368 concesserit,
651 4275 675 4350 fi
696 4297 848 4368 queraaq
881 4273 986 4366 dico,
1019 4277 1132 4370 ipsum
1153 4275 1231 4352 satia
1252 4279 1347 4367 clare
1366 4295 1443 4352 non
1464 4276 1692 4374 cognouiffe,

252 4378 339 4468 quid
357 4379 601 4472 permitteret,
636 4375 724 4450 ficut
741 4371 910 4450 Germani
929 4397 1006 4450 non
1025 4387 1296 4473 cognoverant,
1328 4374 1412 4467 quid
1434 4378 1576 4470 precise
1594 4392 1697 4472 pete·

251 4489 346 4550 rent.
397 4471 529 4568 Neque
544 4475 642 4548 ‘e'nim
658 4469 842 4563 absolute,
885 4473 1045 4568 &prout
1061 4480 1205 4567 jacent,
1243 4475 1389 4548 decreta
1402 4475 1608 4550 nanterum
1629 4474 1694 4552 sub

193 4599 195 4604 ·
252 4573 355 4670 Rege
371 4573 527 4654 Alberto
544 4573 844 4666 suntracceptata,
869 4570 929 4648 sed
946 4571 1156 4673 largiffimic,
1181 4573 1386 4678 summeque
1402 4575 1501 4671 vagis
1517 4571 1601 4649 c'um
1616 4593 1695 4650 nto·

252 4669 538 4763 dificationibnt,
570 4691 647 4766 que
664 4669 886 4747 Gemanica
904 4669 1080 4763 Nationi,
1108 4673 1143 4745 nc
1160 4674 1310 4747 cuilibet
1324 4673 1545 4770 {iugulariter
1560 4671 1689 4748 Princi·

252 4775 311 4866 pi,
342 4773 403 4845 vel
421 4767 602 4864 Episcopo
618 4793 685 4867 pro
701 4771 764 4846 tbo
779 4765 1005 4861 Territorio,
1039 4775 1101 4847 vel
1117 4771 1268 4848 Dioecest
1288 4787 1551 4867 congruerent,
1581 4772 1618 4846 bt
1635 4793 1691 4846 ac·

233 4870 453 4980 ,commode
470 4865 582 4948 effent
601 4886 664 4946 ant
679 4866 800 4964 rane,
834 4881 896 4948 aut
910 4867 1050 4948 oenoe.
1096 4869 1229 4966 Neque
1249 4867 1427 4968 nugantur
1450 4873 1552 4968 atiter
1577 4871 1615 4944 in
1632 4869 1692 4947 de·

438 4991 443 5000 ·
1500 5010 1505 5021 ,
1546 4984 1645 5043 creta
