3942 6134
455 1154 495 1228 ν’
866 1117 1139 1158 “““““’”
1202 1146 1207 1153 ·
1580 1127 1651 1204 tta

248 1285 368 1378 lictis
384 1289 456 1378 ope
474 1267 650 1356 'suffultae
685 1273 759 1350 Rea
778 1277 899 1368 itaque
915 1273 958 1348 ad
977 1275 1145 1352 secularia
1157 1275 1265 1354 etiam
1282 1278 1470 1356 tribunalia
1483 1281 1655 1382 devenit,
1670 1290 1706 1368 (a
1850 1369 1855 1378 .

190 1426 198 1440 .
259 1387 304 1460 ad
320 1407 363 1458 ea
376 1383 520 1476 quidem
539 1379 634 1466 duo,
660 1395 737 1467 quae
753 1378 787 1448 in
805 1373 962 1468 Imperio
976 1375 1108 1455 somma
1123 1378 1222 1467 sunt,
1245 1399 1395 1470 qnorum
1413 1401 1547 1475 unum,
1572 1386 1610 1475 id
1634 1389 1706 1484 ‘sti

255 1487 415 1562 Atticam
439 1501 505 1574 pto
522 1478 674 1558 Decanp
688 1472 807 1562 stetit,
833 1487 961 1560 cpntra
980 1477 1153 1564 alterum,
1177 1477 1250 1567 hoc
1269 1474 1341 1567 eli,
1369 1481 1543 1556 Camerata:
1559 1505 1704 1576 praeter·

236 1603 362 1678 ¹quam
381 1576 478 1672 quod
503 1575 580 1648 doae
596 1574 738 1666 insuper
753 1571 877 1663 Aula,
903 1570 1155 1663 Imperatoris,
1174 1589 1281 1665 atque
1296 1575 1420 1649 Galliae
1432 1575 1541 1674 Regis
1558 1583 1705 1678 Episco-

251 1680 340 1777 pum
358 1699 440 1752 cum
455 1675 626 1768 Capituln
641 1681 888 1769 protegerent.
932 1669 1042 1770 Unde
1055 1663 1238 1766 manifeste
1254 1673 1375 1748 falsum
1393 1673 1465 1766 est,
1488 1675 1588 1769 quod
1601 1684 1713 1760 Ano„

251 1799 385 1874 nymus
403 1770 608 1868 quideme)
630 1771 770 1861 scribit,
795 1771 888 1844 hanc
907 1771 1185 1864 appellationem
1208 1787 1312 1850 alata
1325 1769 1489 1850 Natione
1504 1785 1706 1876 germanie,

253 1893 435 1974 tamquam
450 1851 667 1980 suifiotibus
681 1869 894 1949 contrariam
910 1865 1012 1944 inille
1025 1870 1192 1968 agnitam.
1718 1891 1723 1897 ·

923 2047 962 2165 l·
996 2068 1035 2164 3·

403 2175 682 2288 Peropportune
700 2192 851 2283 accidit,
880 2205 921 2266 ut
934 2193 1039 2287 hujus
1053 2192 1125 2268 litia
1139 2190 1332 2267 occasmne
1343 2194 1484 2287 quidam
1499 2187 1703 2300 curtante,

252 2295 379 2374 tamon
392 2298 478 2368 licet
491 2295 667 2380 nominis,
679 2296 772 2368 male
787 2309 906 2384 tamen
916 2293 988 2384 jam
1002 2305 1106 2366 antea
1117 2294 1154 2366 in
1166 2290 1322 2366 Ecclesia
1335 2299 1475 2384 notati,
1490 2319 1534 2372 ex
1548 2302 1704 2400 Mogon-
1741 2359 1748 2366 .

253 2399 337 2470 tino
358 2393 523 2468 Archivo
554 2392 826 2472 instrumentum
849 2392 1109 2486 acceptationis
1135 2393 1375 2467 Decrctotum
1390 2393 1636 2476 Bafileensmm
1657 2407 1704 2479 de

253 2515 354 2569 anno
370 2507 452 2586 143
465 2513 486 2588 9
501 2491 723 2588 attraheret:
745 2506 835 2566 'mox
854 2491 979 2583 reliqui
999 2505 1141 2564 tantum
1156 2510 1233 2564 non
1250 2511 1378 2565 omnes
1391 2491 1705 2577 Cntialillmatchi’·
1814 2552 1819 2561 ,
1874 2477 1889 2490 ’
1909 2590 1910 2597 Ν

253 2590 477 2685 episcopales
490 2601 602 2662 ‘vetas
616 2591 704 2662 illud
722 2589 924 2682 Principum
950 2591 1080 2684 interse
1099 2589 1370 2670 concordatum
1386 2593 1493 2665 avide
1507 2601 1704 2690 apprehen·

170 2711 179 2720 ‘
252 2681 410 2778 debant,
433 2689 468 2760 ot
490 2689 604 2761 veluti
632 2687 804 2762 advitam
826 2685 1029 2760 resuscitare
1054 2687 1301 2775 conabantur,
1330 2691 1594 2780 praetendentes
1613 2699 1703 2772 illud

253 2787 327 2864 effe
339 2787 613 2862 fundamentum
631 2783 831 2865 Germaniae
847 2783 1163 2862 Concordatorum
1185 2807 1257 2858 cum
1278 2785 1370 2879 Papa
1388 2788 1583 2884 initorum,
1604 2799 1704 2889 quod

251 2901 504 2964 commentum
524 2885 595 2975 jam
621 2882 700 2957 satis
718 2906 737 2957 a
755 2887 860 2956 nobis
880 2884 1107 2974 confutatum
1128 2880 1189 2954 est
1229 2880 1500 2960 Instante‘tunc
1520 2889 1701 2973 Romano·

250 3009 334 3064 rum
350 2987 482 3082 Regis,
512 2982 657 3078 josephi
681 2979 715 3056 ll
731 2985 971 3056 coronatione
992 2985 1166 3077 putabant
1179 2979 1408 3077 Mogontini,
1428 2986 1535 3078 haina
1548 2989 1614 3066 suae
1630 3011 1703 3076 tam

252 3103 390 3181 optatae
403 3084 631 3158 inventionis
644 3083 820 3176 optimum
838 3078 936 3156 usum
958 3079 1127 3155 sefacere
1145 3079 1255 3175 polio.
1284 3081 1528 3252 quamobrem
1551 3111 1582 3168 a.
1607 3101 1706 3188 17⁶4

252 3183 531 3277 capitulationis
551 3179 715 3254 Caesareae
734 3177 904 3254 Articulo
933 3202 979 3270 14
996 3191 1130 3254 novam
1155 3179 1236 3252 addi
1255 3200 1306 3252 vo
1322 3184 1431 3256 ebant
1443 3186 1641 3280 pontificia
1651 3199 1705 3286 jn·

252 3281 470 3360 risdiliionis
494 3281 530 3354 in
551 3277 745 3353 Germania
767 3277 1045 3371 restrictionem,
1072 3300 1150 3371 quae
1171 3277 1309 3352 duabus
1322 3283 1508 3378 precipuis
1523 3291 1703 3368 constaret

250 3380 412 3480 ponitis:
444 3401 512 3453 imo
533 3391 573 3450 ot
593 3377 700 3452 nullae
718 3377 1035 3452 ecclefiallicorum
1052 3375 1197 3464 cauffae,
1220 3379 1467 3472 maximepoae
1482 3384 1526 3457 ad
1539 3389 1703 3479 poffoffo-

252 3486 347 3558 rium
371 3491 662 3554 momentaneum
685 3476 862 3572 spellam,
892 3494 976 3550 ante
988 3474 1133 3552 finalem
1149 3474 1365 3550 decisionem
1388 3479 1516 3557 deferti
1533 3483 1702 3585 Romam,

253 3583 317 3656 vel
337 3575 380 3654 ad
396 3577 649 3652 Nuntiatoram
669 3577 829 3670 pollent:
858 3579 916 3652 ado
932 3591 973 3650 ut
993 3596 1120 3650 omnes
1136 3573 1259 3650 caoffae
1277 3575 1515 3654 ecclesiastica
1532 3589 1713 3674 (tantum

240 3673 248 3730 -‘
253 3679 465 3775 quibusdam
481 3699 525 3750 ex
539 3677 684 3770 antiqua
700 3675 927 3750 observantia
949 3673 1142 3771 exceptis)
1163 3678 1268 3750 etiam
1286 3677 1324 3750 in
1340 3675 1595 3771 Appellatotio
1608 3692 1702 3767 intra

249 3775 614 3870 'Anchiepiscopatum
637 3797 701 3866 per
718 3773 982 3850 Commillarios
1005 3777 1154 3849 natione
1168 3772 1390 3870 Germanos,
1409 3777 1701 3873 aPontifice‚de·
1778 3779 1782 3786 ’

145 3913 155 3924 =
253 3873 500 3954 nominandos
513 3873 698 3950 ¹terminari
713 3873 899 3972 deberent.
940 3871 1036 3948 Hinc
1052 3873 1141 3949 illud
1158 3874 1325 3946 Monitum
1339 3871 1514 3958 Elettom
1529 3883 1699 3986 Palatini,

254 3977 302 4055 de
316 3967 700 4070 qqurancofordiiin
719 3967 883 4046 Comitiia
900 3971 1150 4050 eletloaatinuc
1164 3971 1409 4055 deliberatum.
1493 4049 1511 4064 ,
1584 4065 1590 4072 ,

951 4150 1062 4269 lt

238 4357 245 4366 .
401 4293 475 4371 Res
490 4293 587 4370 secus
601 4290 746 4386 cecidit,
765 4313 807 4368 ac
820 4289 1034 4388 sperabatur.
1059 4289 1185 4389 Legati
1199 4293 1294 4400 enim
1309 4291 1508 4393 Principtim
1522 4296 1610 4378 licet
1620 4299 1701 4384 Lai·

256 4415 405 4484 corum,
427 4410 533 4484 atque
551 4397 656 4468 etiaoi
673 4393 1074 4468 Acatholicorumnon
1088 4391 1167 4466 satis
1180 4389 1328 4470 fundata
1343 4419 1525 4492 agnovere
1538 4423 1599 4495 ea,
1620 4427 1700 4498 qum

257 4503 387 4573 contra
400 4491 630 4586 apostolicam
644 4492 772 4568 Sedent
786 4493 1051 4581 movebantur,
1070 4499 1285 4587 gravamina.
1327 4487 1376 4566 Et
1393 4501 1554 4588 quamvis
1567 4523 1701 4582 conce·

183 4607 194 4614 ”
257 4585 564 4684 ἀεῐεῑιιτ,ῐετίρία
579 4587 727 4682 quadam
743 4590 1002 4688 supplicatione
1013 4589 1095 4666 NB.
1104 4595 1304 4696 generalibus
1320 4606 1457 4668 tantum
1477 4603 1597 4675 verbis
1612 4625 1700 4682 con·

244 4691 421 4790 ,cipienda
437 4689 693 4786 Imperatorem
711 4687 1020 4790 altercandum,
1054 4701 1095 4764 ut
1111 4705 1239 4781 contra
1253 4711 1410 4774 romanat
1426 4691 1541 4774 Coria
1557 4692 1701 4795 prellio·

1583 4821 1650 4878 net

66 4991 67 4994 a
152 5055 155 5060 Ι
253 4899 730 5072 Ἓιῇοείῐφιῐαηυηιῐψι
744 4921 1013 5108 lllltmlttnYttyt
1031 4931 1086 5002 lm
1101 4923 1320 5020 icttlttpttl
1334 4923 1660 5021 maltinianam.
