3942 6134
194 1073 1169 1197 'aut'ffl

72 1311 73 1338 ι
274 1276 322 1353 tri
336 1271 492 1348 l’rimmu
506 1263 575 1346 effe
587 1261 910 1358 fundatum,secus
922 1285 999 1372 non
1011 1284 1080 1362 pro
1091 1262 1169 1358 ipso
1178 1261 1354 1352 Oriente,
1368 1259 1404 1339 dr
1419 1261 1563 1358 quidem
1576 1257 1727 1356 Patriar·

72 1369 73 1424 ἶ
212 1393 215 1408 ·
277 1375 439 1452 ohalibus
453 1373 564 1446 etiam
580 1369 732 1450 Sedibus
743 1368 839 1441 hunc
859 1363 1046 1439 Canonem
1059 1363 1235 1455 statuere,
1266 1381 1384 1456 neque
1401 1377 1537 1441 tantam
1551 1369 1586 1441 in
1600 1366 1722 1465 eauffis

277 1469 523 1560 Orientalibus
530 1469 784 1542 authoritatem
793 1467 949 1541 romanis
959 1464 1102 1564 Legatis
1114 1459 1317 1557 adjudicare
1325 1463 1539 1558 potuiilentt
1553 1472 1619 1559 gria
1631 1489 1722 1560 pon·

277 1571 424 1650 tifieiam
442 1567 723 1662 jurisdidiionem
745 1571 850 1640 etiam
869 1566 905 1639 in
927 1563 1206 1662 formcurrteutiosu
1226 1561 1525 1637 aborientalibus
1544 1583 1659 1657 teque,
1677 1587 1721 1652 ao

241 1760 244 1769 .
279 1671 563 1760 occidentalibus
582 1664 778 1743 Catholicis
801 1663 902 1764 suilie
926 1669 1102 1761 agnitam,
1139 1681 1207 1758 pro
1228 1660 1376 1736 arbitrio
1395 1659 1498 1756 Papae
1524 1665 1583 1736 uei
1605 1665 1721 1746 dubiis

276 1780 316 1850 in
334 1770 490 1858 casabus,
528 1787 573 1842 an
594 1767 650 1848 re's
670 1766 760 1840 tanti
779 1765 843 1856 sn,
868 1761 1154 1850 exercendam.
1171 1777 1307 1856 quanto
1325 1763 1435 1859 magis
1453 1765 1491 1837 in
1510 1759 1631 1836 cauiiis
1650 1784 1724 1865 gra·

72 1873 73 1884 '
171 1932 175 1936 .
276 1871 442 1948 vioribus
461 1864 568 1954 fidei,
598 1869 670 1940 uel
694 1863 884 1960 disciplina
909 1861 1100 1938 dicendum
1122 1861 1173 1938 est
1199 1882 1298 1952 eam,
1340 1883 1447 1954 quarn
1470 1881 1569 1936 nunc
1587 1877 1726 1938 vocant

72 1967 75 1978 ’
180 1997 183 2006 ·
277 1973 493 2046 uoluntariam
511 1963 815 2058 jurisdidiionem,
844 1965 887 2036 in
909 1960 1003 2056 Papa
1022 1959 1213 2056 respectam
1235 1959 1363 2049 fuiil'ei
1400 1958 1509 2037 Hunc
1530 1977 1631 2036 certe
1652 1967 1727 2038 ani·

269 2073 328 2156 „mi
347 2067 401 2144 sui
425 2063 560 2142 senium
582 2063 661 2139 satis
685 2079 808 2158 aperte
830 2060 1118 2136 demonstrarunt
1138 2058 1507 2136 Patressndicenns
1530 2063 1569 2134 in
1590 2061 1649 2135 sua
1672 2061 1725 2155 sy·
1821 2092 1829 2107 t

102 2201 104 2208 ·
133 2199 136 2206 ·
267 2163 411 2256 modica
428 2163 471 2253 ad
487 2163 619 2257 Julium
630 2159 665 2236 P.
683 2159 851 2256 epistola,
877 2164 938 2234 ubi
956 2183 975 2232 a
993 2161 1142 2235 Domini
1161 2159 1436 2249 Sacerdotibus,
1462 2160 1536 2234 hoc
1554 2159 1618 2251 eii,
1644 2159 1727 2254 Epi·

138 2287 148 2298 ¹
280 2268 399 2361 scopis
418 2263 546 2357 sponte
566 2263 624 2336 sua
645 2264 681 2336 in
700 2255 906 2344 hujusmodi
925 2257 1046 2334 cauffis
1065 2263 1106 2336 ad
1125 2264 1253 2357 Caput,
1276 2263 1312 2334 id
1330 2257 1392 2351 rjl,
1419 2261 1461 2332 ad
1476 2259 1571 2336 Petri
1586 2253 1728 2356 Apostoli
1777 2329 1781 2332 ,

282 2371 390 2446 Sedent
415 2367 450 2440 de
465 2362 601 2458 frngulis
630 2365 862 2457 quibuscunque
887 2367 1063 2455 prouinciis
1086 2358 1283 2451 referendum
1310 2356 1533 2453 statuerunt,
1572 2359 1657 2434 NB.
1681 2360 1725 2433 de
1899 2354 1900 2377 ¹

171 2465 173 2472 '
205 2472 210 2488 '
283 2463 528 2564 Orientalibus
552 2461 683 2558 etiam,
720 2461 799 2540 nou
828 2473 969 2536 tantum
995 2479 1151 2538 romano
1175 2455 1430 2550 Patriarehatui
1456 2455 1618 2552 subiretis
1644 2477 1726 2559 pro·

280 2583 423 2649 vantur.
1127 2613 1131 2616 -
1529 2613 1533 2619 .

106 2946 148 2982 w
200 2916 210 2938 “
269 2963 273 2966 -
342 3009 346 3014 ,
424 2915 466 2997 at
484 2917 637 3022 Consilii
658 2911 799 2994 Nicaeni
821 2917 927 2990 etiarn
945 2915 1139 2995 ‘canonem
1160 2913 1297 2992 sextum
1317 2914 1476 3010 attente',
1500 2935 1543 2992 ae
1562 2918 1728 3014 tranquil·

284 3030 321 3102 le
341 3021 542 3119 ponderes,
577 3017 651 3094 suas
675 3015 882 3103 Patriarchis
901 3014 1176 3106 Alexandrino,
1215 3018 1502 3119 &Antiocheno
1518 3023 1726 3115 praerogati-

198 3169 219 3208 .
286 3147 351 3198 vas
371 3123 536 3196 invenies
556 3140 632 3194 non
654 3122 764 3206 alio,
788 3137 893 3208 quam
915 3117 948 3189 S·
967 3113 1061 3189 Petri
1081 3115 1240 3208 respeuu
1262 3115 1525 3212 confirmatas,
1543 3140 1662 3211 eoque
1682 3140 1728 3193 ex

284 3222 359 3301 fine
380 3241 461 3297 cum
487 3241 642 3296 romanae
663 3214 848 3291 Cathedrae
871 3214 1052 3310 Episcopo
1073 3217 1155 3288 illos
1175 3214 1279 3290 fuili‘e.
1295 3233 1545 3311 comparatos,
1579 3231 1620 3291 ut
1639 3219 1729 3292 ficut

285 3323 370 3398 huic
382 3326 587 3418 pracipuus
609 3319 727 3392 honos
749 3318 785 3388 in
805 3313 961 3392 Ecclesia
983 3315 1142 3391 servatus
1154 3313 1236 3405 est,
1262 3324 1338 3412 quia
1356 3318 1401 3404 ἐφ’
1419 3321 1508 3391 urbis
1524 3319 1634 3391 Rome
1651 3318 1732 3415 Epi.

133 3407 146 3426 ⁸
281 3441 324 3522 pu
340 3425 455 3520 parilis
475 3417 622 3508 mus'rji,
651 3413 750 3488 ita&
768 3415 836 3488 illis
854 3414 1244 3509 antiquatonsuetudo
1265 3408 1508 3512 praerogativae
1524 3416 1623 3508 supra
1646 3419 1729 3490 alias

178 3529 181 3534 ’
287 3522 348 3596 srbi
371 3515 716 3591 subditaslicctesna
738 3511 958 3602 seruaretur,
973 3588 975 3597 ,
992 3515 1066 3586 hoc
1085 3513 1155 3607 est,
1190 3530 1233 3590 ut
1253 3515 1516 3590 Alexandrinus
1533 3515 1731 3612 Episcopus

288 3640 354 3714 per
376 3615 600 3711 AEgyptum,
639 3613 816 3706 Lybiam,
859 3615 893 3686 dt
923 3610 1136 3708 Pentapolim
1168 3614 1269 3707 supra
1296 3634 1427 3693 ‚omnes
1463 3617 1553 3690 alios
1581 3615 1734 3710 ‚haberet

285 3713 528 3813 potestatem,
591 3711 843 3786 Antiochenus
891 3725 1011 3784 autern
1051 3713 1157 3805 supra
1207 3713 1410 3806 quindecim
1458 3713 1731 3797 *Provinciarura

287 3813 402 3890 stridle
441 3811 487 3884 src
525 3811 606 3886 diiii
642 3812 804 3898 Orientis
842 3810 1051 3904 Episcopos.
1106 3801 1202 3883 'Has
1242 3811 1358 3906 duas,
1410 3815 1544 3907 quippe
1581 3815 1617 3887 S.
1637 3814 1731 3888 Petri

240 3929 241 3936 ‘
287 3911 482 3986 Cathedras
506 3913 649 4002 reliquis
678 3913 714 3983 in
739 3909 892 3990 Oriente
917 3906 1316 4001 omnibus-Ecctefiiis,
1359 3914 1421 4008 ipsa
1448 3916 1559 4003 etiam
1584 3914 1730 3990 Matrini

286 4002 624 4104 Hierosolymitan'ae
648 4011 719 4101 jam
742 4006 842 4081 inde'
863 4010 909 4082 ab
928 4009 1076 4104 ‚origine
1108 4008 1212 4083 vides
1243 4011 1461 4086 authoritate
1496 4012 1729 4107 pravaluille.
1757 4006 1763 4035 '
1899 3994 1901 4029 ¹

286 4113 398 4187 Unde
411 4111 486 4183 haee
499 4107 709 4198 authoritas,
735 4107 800 4182 nili
812 4127 856 4181 ex
872 4107 1133 4201 Apostolorum
1148 4105 1318 4206 Principis
1334 4111 1582 4208 delegatione?
1609 4111 1731 4201 Enim·

219 4211 227 4230 ‘
288 4231 381 4286 vero
398 4231 450 4302 ,ex
473 4203 711 4298 anuquiffimis
735 4205 899 4280 Ecclesrae
915 4212 1166 4298 wmonumentis
1191 4230 1257 4303 pro
1288 4210 1416 4284 nostris
1444 4213 1579 4293 diebus,
1597 4210 1731 4286 summe

286 4307 522 4388 memorabile
539 4305 614 4413 pst,
640 4305 800 4384 &Marci
825 4318 964 4381 tantum
986 4327 1006 4378 a
1029 4303 1136 4380 Petro
1157 4307 1310 4404 delegati
1334 4310 1492 4404 discipuli
1508 4309 1728 4393 ,Cathedram
1752 4325 1755 4331 ·
1894 4368 1901 4385 ,

230 4428 235 4446 “’
289 4413 439 4499 ceteris,
470 4405 531 4482 eth
551 4402 812 4498 Apostolorum
834 4403 1005 4496 Sedibus,
1030 4406 1247 4502 superiorem
1264 4397 1336 4500 iarn
1359 4412 1404 4482 ab
1423 4411 1528 4483 initio
1553 4408 1653 4482 fuiiie
1674 4410 1732 4484 ha·

286 4509 411 4584 bitem.
461 4505 514 4578 lta
530 4506 695 4580 nimirum
712 4525 837 4578 verum
855 4505 906 4580 est
924 4525 1023 4595 eam,
1051 4526 1132 4598 quae‘
1147 4509 1341 4597 antiquitus
1354 4506 1632 4582 patriarcharum
1650 4506 1731 4584 fuis·

286 4607 503 4702 retegitur,
541 4602 757 4697 superiorem
786 4603 887 4696 supra
918 4606 1001 4682 alias
1025 4601 1199 4720 Efclesras
1221 4605 1505 4697 jurisdictionem
1531 4607 1626 4680 baud
1659 4596 1729 4680 elie

289 4711 414 4792 aliam,
450 4723 554 4793 quam
580 4725 625 4777 ex
645 4703 682 4776 S.
694 4699 788 4776 Petri
809 4703 963 4778 Primatu
990 4723 1057 4775 eeu
1079 4703 1185 4776 fonte
1213 4703 1278 4776 suo
1299 4704 1521 4796 derivatam,
1562 4708 1636 4780 hoc
1665 4703 1728 4798 est,

288 4805 499 4899 delegatam.
550 4801 648 4876 ldem
674 4821 819 4894 quoque
840 4801 894 4874 de
916 4799 1149 4916 antiquiffimo
1181 4789 1449 4895 totiuaall'irieae
1471 4803 1625 4878 Primate
1643 4802 1728 4878 ear·

208 4920 219 4930 ”
287 4901 481 5002 tlragineosr
500 4899 722 4976 sentiendum
743 4923 789 4976 ex
805 4898 1023 4990 Tertullinus
1036 4898 1281 5004 Teilimonio:
1294 4905 1471 5007 ‘Sthalioe
1490 4908 1633 5002 ahares,
1661 4904 1727 4977 Ro·

1551 5025 1684 5105 „mum
