3942 6134
716 1109 1198 1177 ‚Q
1583 1053 1637 1203 ¹13
1757 1156 1762 1163 .

810 1348 827 1376 .
876 1288 976 1374 ’.Ἰ
1172 1288 1181 1300 ”
1378 1334 1382 1342 ἥ
1433 1349 1438 1359 .
1596 1298 1603 1307 ·
1660 1296 1678 1356 t

237 1415 246 1436 '
378 1418 551 1504 incassum
571 1422 679 1517 aliqui
695 1278 923 1519 praetendugt
937 1304 1071 1499 'luzam
1097 1420 1317 1521 Presbyteria
1329 1406 1609 1521 jurisdictionem
1628 1382 1680 1505 erl

230 1536 601 1621 temonrcomperere,
640 1544 709 1598 nec
726 1522 880 1617 proinde
905 1524 987 1597 iilos
1007 1522 1212 1623 Episcopss,
1245 1530 1333 1602 sicut
1352 1528 1420 1603 hos
1441 1528 1542 1625 Papae
1562 1518 1683 1626 oppol

104 1622 105 1631 '
229 1649 320 1711 nere
342 1628 379 1702 se
400 1620 508 1721 posse.
566 1620 688 1699 Facile
710 1626 806 1697 enim
832 1618 1165 1719 erituPreabyteris,
1199 1620 1222 1701 sa
1249 1630 1388 1725 volupe
1409 1628 1539 1723 suerit,
1574 1628 1681 1721 hujur

229 1724 348 1802 asserti
371 1724 553 1800 falfitatem
582 1727 642 1807 vei
665 1744 711 1796 ex
741 1722 885 1812 antiqua
910 1724 1037 1817 praxi,
1078 1727 1209 1801 velex
1236 1716 1318 1821 ipfir
1340 1726 1473 1805 divinia
1488 1728 1680 1823 Scripturia

229 1812 430 1902 ostendere.
490 1820 600 1899 Unde
615 1822 711 1897 enim
732 1816 900 1915 Episcopi
920 1818 1037 1910 suam,
1062 1843 1166 1915 quam
1184 1826 1319 1901 habent
1340 1820 1524 1903 externam
1538 1826 1695 1924 jurisdi-

104 1936 105 1967 ³
228 1928 406 2019 diionem,
428 1926 558 1999 clarius
580 1943 626 1996 ex
644 1920 702 1995 88.
716 1918 862 1995 Litteris
881 1922 1110 2012 probabunt,
1145 1944 1248 2018 quam
1271 1948 1316 2003 ex
1331 1941 1533 2003 memorato
1553 1943 1681 2022 textu,

104 2042 105 2073 ³
227 2026 394 2125 Eprfiupos
415 2020 616 2125 rffipasstm,
641 2038 678 2097 ut
691 2014 833 2117 *aaa
855 2016 1141 2113 Dei-Ecclessom?
1176 2020 1289 2117 Atqui
1312 2047 1394 2102 cum
1413 2040 1551 2103 certum
1570 2024 1614 2101 sit
1631 2044 1682 2103 ex

225 2126 417 2223 Scripturia
438 2120 671 2217 Presbyteros
689 2140 834 2213 quoque
850 2114 1110 2215 Episcoporum
1130 2125 1279 2198 nomine
1299 2124 1490 2223 designantia
1522 2128 1586 2201 nei
1607 2126 1683 2209 boc

225 2224 412 2305 sortiffimo
425 2236 637 2321 argumento
651 2217 816 2294 adversus
829 2216 1030 2313 Episcopoa
1042 2224 1093 2297 iiii
1109 2224 1398 2315 roborabuntur,
1424 2242 1611 2301 externum
1628 2246 1683 2299 re·

104 2348 106 2381 ἥ
226 2332 369 2427 gimen,
394 2345 467 2417 quo
482 2325 526 2397 ab
538 2322 644 2395 initio
659 2318 862 2419 gaudebant
875 2317 989 2409 adeo,
1007 2324 1179 2397 ‘ucetiam
1196 2326 1510 2399 excommunicare
1524 2324 1680 2421 possent,

228 2428 272 2501 &—
284 2430 323 2499 in
338 2424 498 2503 conciliis
513 2420 703 2511 decidere,
725 2418 788 2496 fibi
803 2419 1074 2497 revindicaturi.
1122 2419 1220 2498 Vide
1234 2420 1374 2499 donus.
1394 2420 1617 2526 Salvaggium
1631 2428 1679 2513 ³).

104 2532 105 2615 j
226 2524 372 2617 thuid
386 2544 473 2597 vero
492 2520 535 2595 ad
551 2535 712 2595 extrema
728 2514 971 2611 deviandum,
992 2518 1110 2594 media
1130 2524 1211 2612 via,
1236 2523 1273 2602 ia
1295 2544 1365 2617 qua
1385 2527 1539 2614 veritas,
1565 2522 1687 2617 &1³ss

229 2626 436 2713 ambulant,
460 2621 567 2714 seque
586 2636 715 2701 mutuo
733 2617 960 2708 oscuiantur,
983 2616 1131 2695 renuat
1184 2619 1239 2695 Ita
1261 2623 1469 2699 enimvero!
1494 2616 1679 2717 Episcopi,

104 2802 105 2805 a
228 2744 302 2809 pec
319 2744 397 2800 non
414 2722 448 2797 dc
468 2718 668 2817 Presbyteri
686 2717 853 2815 aSpiritu
869 2715 986 2792 sancio
1004 2718 1107 2814 posti
1122 2720 1224 2812 sunt,
1251 2737 1292 2797 ut
1304 2732 1471 2820 regerent
1486 2718 1687 2802 decianam

104 2810 106 2835 '
228 2820 327 2915 Dei,
341 2824 400 2921 sed
414 2823 611 2919 ordinasura
639 2820 735 2895 ficut
747 2820 786 2891 in
805 2836 960 2915 corpore
981 2822 1074 2893 bene
1091 2820 1284 2913 ordinato,
1309 2825 1413 2915 quale
1427 2816 1570 2916 Corpus
1585 2816 1685 2895 Chri·

229 2922 271 3003 ni
284 2920 501 3015 mysticum,
525 2918 586 2995 seu
600 2916 756 2995 Ecclesia
774 2914 846 3010 est,
871 2916 1009 2991 diversa
1025 2922 1185 2993 membra
1203 2917 1349 2997 diversis
1366 2918 1518 3018 presunt
1534 2918 1697 3011 officiis„

227 3020 290 3098 sed
303 3022 558 3101 omniatamen
572 3022 615 3095 ab
634 3038 732 3110 uno,
760 3036 878 3111 eoque
900 3018 1064 3113 supremo
1079 3017 1207 3115 Capite
1225 3018 1479 3118 dependentia.
1537 3016 1686 3113 Presby-

225 3124 297 3198 teri
311 3122 349 3195 in
362 3121 569 3215 portionem
588 3118 740 3217 assignati
753 3118 814 3191 fibi
826 3120 939 3213 gregia
947 3120 1104 3214 regimen
1113 3134 1263 3214 tenent,
1287 3119 1555 3204 subordinatum
1565 3132 1695 3215 tamen·

223 3220 295 3303 suo
308 3214 518 3319 Superiori,
540 3216 577 3289 id
594 3218 644 3289 est
653 3213 855 3305 Episcopo,
870 3216 939 3293 ,cui
953 3216 986 3283 dc
1004 3215 1067 3305 ipsa
1083 3215 1233 3285 obedire
1250 3228 1445 3304 tenentur,
1471 3237 1580 3307 aquo
1596 3218 1686 3311 ipso·
1772 3229 1775 3236 ’

105 3318 107 3408 f
224 3336 314 3397 rum
333 3318 439 3390 etiam
453 3312 629 3407 patenas,
653 3308 812 3401 etfijuris
826 3304 938 3379 divini
952 3304 1016 3397 sn,
1041 3326 1111 3383 nee
1129 3304 1210 3384 fixio
1228 3330 1248 3384 a
1269 3306 1410 3388 Christo
1432 3314 1603 3390 limitibus
1622 3318 1688 3389 cir·

106 3442 107 3447 ‘
230 3414 469 3511 cumscripta,
503 3408 622 3499 quoad
649 3403 786 3481 actuale
804 3402 1014 3479 exercitium
1033 3409 1094 3481 vel
1117 3404 1315 3505 restringi„
1334 3413 1394 3485 vel
1417 3413 1596 3507 ampliari,
1623 3415 1687 3491 ves

231 3515 348 3609 etiam.
368 3522 587 3585 concurrerant
605 3500 787 3598 adjuvari,
823 3501 1076 3597 emendarive,
1098 3517 1207 3599 atque
1225 3507 1386 3607 suspendi
1403 3508 1543 3606 potest,
1575 3526 1688 3607 prout

234 3627 297 3691 aut
313 3612 449 3689 utilitas
467 3606 597 3703 exigit,
623 3616 686 3679 aut
707 3598 919 3691 necessitas.⁸
977 3600 1027 3677 Et
1046 3606 1122 3679 baec
1137 3605 1281 3699 quidem
1301 3608 1424 3684 eadem
1434 3608 1526 3703 iusta
1540 3633 1689 3707 propor-

106 3738 107 3742 ‘
233 3714 339 3803 tione
358 3706 528 3783 dictasint
542 3702 748 3801 Episcopis,
775 3700 958 3797 quidtipsr
969 3694 1132 3779 cladibus
1144 3702 1262 3799 Petri,
1287 3728 1356 3783 ceu
1371 3709 1523 3802 supremi
1536 3708 1686 3805 Capitis,

107 3844 108 3859 ἥ
238 3806 497 3905 &universatis
519 3807 557 3879 in
580 3820 672 3879 terra
691 3798 817 3877 Christi
837 3802 974 3877 Vicarii
994 3802 1245 3896 subjediisunt.
1295 3805 1350 3881 lta
1371 3806 1530 3883 Ecclesia
1550 3812 1687 3892 tamin

239 3910 401 4013 gregariis
411 3905 582 3981 militibus
590 3903 657 3979 suis
665 3952 683 4001 ,¹
696 3918 800 3992 quam
817 3886 951 3995 inflpsrs
968 3900 1132 3978 Ducibus
1148 3902 1212 3977 sub
1228 3925 1304 3981 uno
1321 3904 1487 4001 supremo
1502 3906 1689 4003 Imperan-¹

240 4024 280 4101 te
294 4012 386 4090 bene
398 4006 561 4081 ordinata
580 4000 631 4077 est
646 4000 752 4075 acies.
801 3996 901 4075 Sicut
912 4004 949 4076 in
971 4000 1132 4109 eriercitu
1145 4012 1318 4097 generatim
1335 4006 1502 4081 Ducibus
1523 4010 1688 4103 suprema

218 4106 434 4223 ψω
625 4098 696 4215 a.
715 4096 1299 4280 discursantium
1315 4101 1690 4279 sinuntur·

238 4205 973 4477 2ὲὲᾳῇῧῖξὲιῶῗὲῗεῐᾳῖιῑὲιδπᾳιιιῑάβὶυινὶεῑε,
1007 4304 1141 4414 ligatum
1151 4224 1218 4397 fitg,
1232 4304 1435 4402 futurumve:
1468 4220 1689 4399 anguinat&

109 4434 110 4469 ψ
241 4428 335 4496 uero
350 4403 415 4481 soli
458 4418 561 4494 etro,
585 4400 746 4475 omnium
768 4396 1030 4495 Apostolorum
1049 4398 1226 4497 Principi,
1252 4403 1309 4481 cui
1331 4400 1461 4479 dicium
1478 4398 1549 4476 est:
1586 4400 1692 4518 Quid·

109 4552 110 4567 t
245 4500 321 4605 q'usd
332 4523 368 4581 tu
384 4498 559 4597 inruerit,
583 4514 640 4577 unt
650 4502 806 4598 stridens,
831 4496 1036 4593 dignumst,
1058 4502 1272 4600 amplarum.
1301 4506 1307 4519 '
1325 4500 1450 4595 ltaque
1464 4500 1501 4576 in
1517 4504 1689 4575 ommbua

240 4603 427 4703 Apostoiia
443 4602 618 4677 inimicata
631 4594 786 4693 potestas
801 4594 895 4673 sacra
911 4594 982 4689 est,
1005 4598 1066 4676 sed
1077 4602 1203 4677 nonin
1216 4600 1379 4699 singulis,
1404 4612 1637 4695 preterquam
1650 4600 1689 4679 in

223 4700 323 4805 ,solo
343 4704 463 4777 Petro.
523 4697 661 4801 Quodsi
687 4696 831 4771 Petrum
857 4697 1036 4796 excipiar,
1076 4713 1279 4775 mancatum
1306 4719 1437 4794 corpus
1457 4694 1612 4772 Ecclefia
1637 4700 1690 4788 est

244 4802 527 4901 absquecapite,
554 4802 612 4877 cui
628 4798 653 4879 sr
667 4799 827 4875 membra
840 4794 1002 4997 τεΐιίὶέηὲ
1009 4850 1025 4897 ,
1045 4798 1189 4879 schisma
1202 4799 1361 4899 faciunt,
1377 4796 1542 4891 ordinem
1558 4796 1689 4977 aggri-
