3942 6134
64 4831 104 4846 ‘⁵—

828 1081 1186 1138 'm
1589 1079 1679 1166 '389

280 1252 341 1348 „di
357 1269 399 1332 ce
412 1250 654 1346 procurabant
674 1248 818 1339 omnic,
851 1269 930 1342 que
954 1249 999 1324 ad
1022 1255 1254 1349 communem
1271 1247 1560 1326 totiosEcclelie
1575 1246 1725 1324 salutern

279 1353 461 1450 „spesltiie
483 1351 721 1437 videbantur,
745 1347 803 1420 sed
829 1348 899 1441 ipsi
916 1349 1022 1424 etium
1036 1349 1203 1446 Episcopi
1228 1351 1361 1423 vicaria
1379 1351 1595 1447 Legatorum
1612 1367 1725 1442 opere

280 1455 504 1545 „utebantur
519 1451 556 1524 in
573 1445 805 1540 expediendis
821 1448 863 1520 iis
882 1451 1060 1543 negotiis,
1093 1453 1221 1543 quibus
1237 1446 1380 1544 preesse
1396 1454 1446 1521 ob
1464 1453 1562 1522 varie
1578 1446 1727 1541 impedi·

276 1563 428 1644 „menta
444 1570 520 1622 non
540 1561 719 1640 poterant:
731 1549 757 1590 “
769 1543 814 1641 e)
865 1543 954 1620 sion
968 1551 1081 1622 solum
1090 1551 1162 1640 jam
1178 1571 1197 1622 a
1212 1549 1413 1643 primordiis
1429 1545 1559 1620 Nun‘tii
1574 1548 1646 1621 sine
1662 1545 1725 1620 lia·

280 1649 495 1738 cultatibus',
520 1645 578 1720 sed
601 1647 708 1716 etiarn
728 1665 809 1719 cuni
824 1644 1070 1719 Facultetibus
1092 1651 1137 1720 iib
1153 1647 1338 1742 Apostolis
1355 1647 1607 1734 mittebantur,
1633 1641 1723 1718 teste

278 1748 498 1824 Innocentio
516 1743 550 1818 l:
565 1747 730 1839 Principis
738 1745 911 1838 Evangelii
927 1746 1087 1842 constituti
1104 1767 1278 1819 ceterorum
1293 1771 1399 1819 rerum
1416 1743 1555 1840 cauffo,
1574 1743 1726 1841 nueplitu·
1825 1802 1828 1808 .

279 1849 498 1943 ‹sinisquesuis
510 1845 851 1942 dispunctionem,
868 1845 1088 1940 obeundasque·
1097 1861 1261 1938 curarum.
1287 1841 1600 1934 Plurahujusmodi
1610 1891 1622 1932 ,
1632 1853 1743 1933 quos

277 1944 439 2024 Nuntios
453 1964 587 2033 voces,
608 1943 670 2015 vel
683 1941 869 2034 vicarios,
886 1945 946 2015 vel
961 1937 1248 2033 Commissarios',
1261 1945 1324 2017 vel
1337 1941 1521 2014 Ministros
1539 1941 1613 2033 (de
1629 1955 1746 2014 voce?
1796 1996 1804 2004 .

198 2089 203 2097 ι
279 2067 355 2122 non
375 2047 508 2140 litigo)
535 2061 822 2134 quorumopeia
846 2039 1016 2136 Apostoli
1037 2043 1087 2116 usi
1111 2045 1300 2140 leguntur,
1335 2042 1483 2114 nomina
1506 2053 1750 2128 occurrunt„

278 2147 330 2220 uti
347 2143 475 2233 Luce,
494 2143 608 2216 Marci
619 2195 632 2230 ,
645 2141 834 2232 Barnabae,
851 2141 953 2237 sile,
966 2139 1145 2239 Epeneti,
1162 2141 1292 2237 chae,
1311 2139 1425 2234 Syle,
1437 2137 1617 2230 Sostenis,
1635 2138 1725 2237 Epe-

277 2243 459 2343 phrodiu,
477 2243 712 2336 aliorumque·
854 2248 858 2256 ’
1358 2282 1361 2291 ·

420 2556 493 2636 Etsi
511 2557 671 2636 rarissime
686 2557 828 2654 quidem
841 2559 976 2656 lint,&
991 2561 1225 2639 obscuriffimo
1237 2559 1616 2658 plerumqueprimaeui
1629 2559 1726 2634 illius

277 2663 452 2754 temporis
470 2677 724 2747 monumenta
746 2660 904 2752 quedem
920 2661 1041 2740 timeo
1056 2663 1228 2760 delegate
1240 2665 1313 2755 iani
1326 2663 1371 2732 ab
1387 2657 1727 2750 Apostolisjurisdi·

277 2759 403 2835 silonis
415 2756 562 2854 vestigia
581 2761 640 2831 vel
661 2760 696 2834 in
715 2756 817 2832 sacris
831 2759 979 2834 Litteris
996 2764 1226 2858 deteguntur.
1253 2760 1308 2834 Ut
1320 2761 1416 2831 enim
1430 2751 1554 2832 Petrus
1571 2758 1738 2832 ‹leuat-¹

274 2881 318 2936 ea
330 2855 581 2946 observatu),
594 2856 629 2928 3.
641 2854 770 2930 Paulus
784 2857 907 2931 lnsulae
916 2857 1033 2934 Cretae
1045 2860 1324 2932 sollicitudinem
1333 2855 1438 2945 Tito,
1454 2859 1569 2930 veluti
1584 2856 1646 2930 suo
1656 2859 1725 2930 Vi.

276 2963 373 3034 cario
388 2955 686 3046 demandaverat,
708 2975 814 3047 quem
827 2956 960 3030 ibidem
974 2960 1139 3050 reliquit,
1164 2970 1205 3029 ut
1221 2978 1288 3050 pec
1307 2955 1474 3028 civitates
1490 2953 1724 3048 Presbyteros

274 3079 351 3136 non
365 3071 503 3132 tantuin
517 3054 713 3145 simplices,
732 3051 791 3126 sed
800 3049 999 3150 Episcopus
1012 3054 1267 3144 constitueret,
1294 3053 1384 3128 sicut
1398 3044 1629 3147 ipseol'aulo
1647 3053 1723 3128 sue·

276 3169 332 3231 iet
348 3155 532 3228 ordinatus
542 3153 626 3242 Ψ).
654 3149 762 3224 Titus
775 3153 884 3248 igitur
902 3175 983 3251 erga
998 3157 1081 3229 illos
1095 3157 1132 3232 iii
1146 3155 1355 3228 civitatibus
1370 3150 1570 3239 ordinatos,
1587 3151 1723 3245 sibique

162 3262 177 3272 '
272 3250 450 3346 subjetlos
473 3248 672 3346 ¹Episcopos
689 3265 776 3324 tunc
792 3251 869 3326 fere
888 3251 924 3323 id
949 3270 1046 3346 erat,
1072 3251 1171 3346 quod
1202 3250 1296 3348 apud
1316 3271 1384 3324 nos
1398 3249 1721 3345 Archiepiscopus,

237 3362 240 3370 '
275 3373 354 3430 non
372 3351 496 3442 utique
510 3350 651 3424 ratione
664 3349 883 3424 Sacramenti
896 3349 1044 3427 Ordinis
1058 3345 1232 3426 divinitus
1250 3349 1422 3438 instituti,
1441 3349 1538 3441 quod
1553 3350 1720 3426 illis'cum

154 3443 165 3458 ”
276 3452 353 3552 ipso
367 3468 561 3526 commune
573 3447 661 3541 fuit,
677 3449 735 3530 sed
749 3471 794 3522 cx
806 3451 958 3525 humani
970 3449 1318 3550 PauliDelegatione
1333 3449 1503 3544 superior.
1526 3449 1637 3522 Simili
1646 3466 1725 3523 mo·

277 3555 327 3638 do
345 3550 440 3626 idem
459 3546 656 3643 Apostolus
673 3545 908 3624 Timotheum
923 3541 1058 3642 Ephesi
1073 3571 1260 3626 remanere
1269 3546 1363 3642 iuffit
1376 3567 1458 3632 cum
1473 3545 1659 3623 liacultate
1671 3547 1722 3622 su·

273 3673 336 3748 pra
349 3644 867 3738 ordinatosasePresbyteios,
884 3648 1166 3746 siveiEpjscopos
1183 3647 1301 3724 eidem
1314 3644 1599 3736 conceffa****).
1625 3647 1720 3750 Qoae
1774 3694 1779 3715 .

276 3751 357 3826 sane
374 3753 453 3822 sunt
470 3749 634 3838 exempla
645 3741 934 3838 Apostolicorum
953 3770 1034 3824 cuni
1049 3748 1310 3844 jurisdislioiic,
1326 3766 1439 3843 caque
1457 3743 1584 3840 stabili,
1607 3749 1721 3842 qualis

115 3943 122 3952 ι
193 3875 202 3884 ·
275 3847 386 3924 liodie
402 3845 561 3920 nonani
579 3845 731 3936 dieitur,
749 3847 1043 3944 Delegationem.

943 4021 981 4136 §0
1014 4044 1053 4137 3·

424 4151 539 4271 Quod
559 4161 693 4253 Paulo,
711 4161 809 4256 quod
828 4161 904 4234 iliis
922 4146 1107 4256 Apostolis
1119 4165 1221 4242 licuit
1236 4165 1331 4240 silvi
1344 4163 1603 4260 Episcoporum
1618 4177 1720 4254 pote·

276 4265 366 4342 state
381 4287 444 4356 ei,
464 4288 541 4359 que
556 4265 686 4340 divinae
700 4257 932 4334 institutionis
946 4261 1016 4350 cll,
1037 4263 1172 4338 seilicet
1188 4264 1378 4360 superioris
1392 4267 1463 4338 sue
1480 4261 1720 4336 Authoritatis

275 4367 460 4442 vicarium
478 4365 665 4462 delegare,
680 4381 766 4436 num
782 4359 877 4433 idem
894 4359 1153 4454 Apostolorum
1174 4367 1335 4438 oninium
1354 4352 1505 4454 Principi
1521 4357 1628 4433 Petro
1641 4381 1720 4438 nori
1856 4453 1863 4460 0

275 4461 442 4538 licuerit?
468 4465 566 4561 Quin
581 4466 659 4536 imo
679 4481 762 4535 nuni
781 4459 931 4534 dubitari
951 4461 1089 4552 potest,
1104 4463 1198 4536 idem
1210 4467 1257 4535 ab
1269 4461 1343 4555 ipso
1356 4480 1483 4535 revera
1498 4457 1627 4534 setium
1640 4457 1721 4533 suis·
1767 4485 1772 4499 ·

160 4575 182 4676 ,⁵
275 4561 337 4638 sel
363 4559 472 4636 Certe
487 4559 715 4656 antiquissima
726 4557 888 4634 Orientis
913 4556 1173 4654 &Occidentis
1190 4561 1356 4652 traditio,
1379 4557 1720 4634 'Ecclesiisiilexan

776 4653 946 4788 ...E
963 4679 984 4732 c
1003 4659 1071 4754 e'3
1344 4677 1348 4682 ·
1546 4657 1669 4750 drinae,

346 4839 379 4918 ο)
402 4835 517 4897 Dill'ert.
540 4838 693 4914 deLegai.
708 4793 918 4908 Noscant,
940 4827 1016 4916 §.p
1078 4823 1084 4834 '
1135 4785 1141 4795 t

328 4923 376 5004 ⁸⁸)
399 4923 445 5012 De
460 4921 611 4984 Concord.
624 4921 740 4988 sacerd.
759 4919 908 4992 &lnipen
927 4919 1010 4992 L.i',
1031 4916 1115 5003 03,
1137 4909 1212 4996 §070
1307 4973 1317 4984 .
1392 4943 1403 4952 ·

309 5007 376 5088 m)
396 5005 502 5080 Tlul,
526 5019 558 5082 5·
674 5008 752 5088 m·)
775 5005 798 5069 1.
808 5001 981 5086 Timothal,
1006 5019 1062 5080 3.,
