3942 6134
781 1104 1115 1175 *ψ
1545 1121 1617 1206 cop

357 1400 506 1483 Nonne
526 1414 646 1479 autem
667 1402 793 1498 iniusta
816 1404 925 1506 sunt,
963 1407 997 1480 dt
1018 1406 1161 1481 servato
1181 1400 1421 1503 impossibilis,
1462 1436 1540 1513 qua
1559 1422 1670 1505 nostrl

103 1512 105 1527 '
214 1506 382 1601 Episcopi
399 1507 536 1599 imperii
557 1501 739 1598 Principes
759 1500 859 1599 Papae
874 1500 1079 1601 jursmetito
1102 1509 1313 1599 promittere
1328 1520 1531 1590 tenentur?
1563 1513 1668 1619 Non,

103 1612 104 1673 ἶ
214 1606 343 1703 injusta
357 1605 458 1690 sunt,
485 1602 590 1691 dico,
616 1600 675 1675 sed
698 1606 804 1697 plane
825 1604 1021 1698 justissima,
1047 1604 1092 1677 ad
1113 1628 1190 1696 quae
1211 1608 1375 1695 aliunde,
1401 1615 1506 1705 etiam
1528 1618 1600 1694 stne
1616 1627 1670 1717 ju.

211 1704 408 1800 rejurando
427 1702 592 1794 Episcopi
612 1717 833 1775 tenerentur.
884 1704 977 1779 Nam
996 1706 1148 1795 quilibet
1163 1704 1337 1779 christiani
1358 1704 1559 1807 Principes,
1583 1726 1671 1799 mul.

213 1824 257 1881 to
276 1808 386 1901 magis
402 1800 622 1879 ecclesrastici
638 1803 718 1893 jure
737 1801 865 1875 divino
883 1804 964 1877 sunt
979 1807 1127 1898 obligati
1148 1806 1191 1876 ad
1211 1809 1410 1897 potentiam
1428 1810 1520 1886 suam
1543 1836 1673 1897 contra
1702 1844 1714 1857 ·
1753 1885 1757 1894 .

124 1972 129 1981 .
213 1903 339 1980 sanslae
368 1899 568 1997 Religionis
597 1898 715 1976 hostes
741 1900 835 1995 julie
865 1901 1112 1976 adhibendam.
1162 1902 1253 1978 item
1284 1910 1494 2001 temporalia
1509 1936 1671 2009 „quoque

215 2007 317 2079 bona
340 2001 517 2087 &Marsis
540 1996 633 2089 suo,
672 2020 827 2073 romanas
850 1999 1039 2092 Eccleliae,
1078 2001 1217 2095 &qqae
1241 2004 1284 2077 ad
1309 2007 1477 2083 decorem
1502 2012 1672 2113 spedant,

215 2093 526 2175 &authoritatem
551 2097 701 2188 supremi
727 2096 887 2173 fidelium
908 2102 1044 2193 Capitis
1065 2120 1141 2173 non
1168 2118 1306 2177 tantum
1329 2106 1515 2202 Episcopi,
1543 2136 1671 2193 verurn

217 2204 326 2277 etiam
351 2218 478 2273 omnes
502 2190 687 2271 Christiani
715 2220 783 2289 pro
812 2198 878 2273 suis
901 2202 1038 2279 viribus
1065 2199 1302 2290 conservare,
1340 2206 1592 2287 &defendere
1616 2232 1671 2290 te·
1753 2238 1758 2247 “
1871 2245 1872 2254 “

186 2315 362 2395 mentor.
416 2296 469 2369 Ea
495 2310 613 2369 autem
643 2317 747 2387 quam
775 2294 914 2388 optime
942 2302 1001 2371 ab,
1018 2298 1098 2389 ipsrs
1124 2297 1267 2393 Imperii
1291 2300 1512 2399 Principibus
1537 2314 1668 2391 servari
1733 2348 1741 2355 ·

218 2398 389 2495 possunt,
413 2396 438 2471 li
460 2394 544 2467 dare
565 2396 675 2487 parati
700 2394 767 2468 lint
785 2396 894 2487 Deo,
921 2418 1000 2489 quae
1019 2398 1115 2487 Dei,
1142 2398 1177 2471 dt
1198 2400 1340 2492 Caesari,
1366 2424 1443 2496 quae
1464 2408 1542 2483 sunt
1564 2411 1672 2490 Cesa-

215 2504 276 2573 ris.
321 2494 748 2585 'Remhanc-Barthelii,
779 2494 1021 2571 estimatiffimi
1042 2498 1136 2589 apud
1157 2519 1226 2573 nos
1247 2500 1494 2593 Juriscousulti
1516 2516 1670 2607 propriso

216 2598 340 2672 verbis
357 2596 572 2682 declarabo,
599 2597 679 2685 qui,
705 2596 766 2667 ubi
787 2594 832 2667 de
851 2596 1090 2673 concordatis
1107 2596 1307 2673 Germania:
1328 2622 1349 2673 a
1366 2600 1541 2686 Pontifice
1557 2610 1673 2687 Nico·
1706 2640 1710 2648 ¹

148 2696 150 2699 ’
211 2696 321 2772 taov
340 2692 559 2771 confirmatis
578 2694 763 2780 tradiavit,
803 2695 853 2767 ita
875 2696 1064 2770 concludit
1080 2694 1140 2789 '):
1178 2693 1291 2785 „Hoc
1310 2702 1416 2797 igitur
1434 2705 1567 2783 efficaci
1588 2711 1670 2789 sanc

213 2796 298 2889 „est
320 2810 551 2891 argumento,
575 2814 643 2869 uec
663 2792 879 2883 Nicolaum,
905 2793 1076 2869 summurn
1093 2792 1305 2871 Pontificem
1327 2804 1394 2875 alia
1408 2804 1607 2894 juramenta
1624 2814 1670 2887 ab
1724 2815 1730 2827 “

213 2894 434 2991 „Episcopis
452 2892 685 2987 Imperatori,
711 2892 745 2964 dt
761 2894 836 2965 aliis
853 2894 1045 2990 prestanda
1062 2892 1269 2987 subjectioni
1290 2899 1351 2973 fibi
1370 2906 1414 2974 ab
1430 2904 1554 2981 iisdem
1574 2910 1673 2986 debi-

101 3016 102 3019 ‘
211 3016 293 3089 „1ae
318 2994 545 3087 prejudicare
563 2990 770 3082 credidisse,
795 3012 865 3067 nec
884 2992 1004 3067 Status
1025 2995 1289 3070 concordantes
1308 2998 1397 3073 illud
1413 3004 1670 3103 juramentum,

208 3093 345 3190 „quod
368 3092 503 3166 summo
517 3086 689 3178 sontifici
712 3093 749 3165 in
770 3090 1043 3169 consecratione
1067 3095 1268 3183 emittitur,
1284 3116 1379 3173 cum
1401 3099 1545 3195 Imperii
1565 3108 1673 3184 detri-

211 3207 378 3285 „mento
411 3188 669 3283 conjunilum,
712 3204 775 3261 aut
804 3190 1043 3283 imperatoriis
1066 3194 1205 3283 iuribus
1238 3194 1421 3272 adversum
1451 3204 1670 3283 existimasse.

208 3292 359 3383 „Certe
377 3308 445 3362 nec
460 3286 616 3382 prudens
631 3288 825 3381 quispiam,
851 3288 913 3385 uili
935 3293 996 3365 vel
1016 3290 1203 3372 aversione
1218 3292 1368 3386 quadam
1386 3300 1423 3371 in
1439 3300 1568 3377 Sedern
1587 3328 1675 3401 apo·

209 3392 429 3481 „ttoltcarm
457 3390 517 3461 vel
536 3386 686 3479 partium
704 3384 851 3477 studiis,
887 3402 949 3461 aut
964 3386 1188 3485 Religionis,
1214 3392 1488 3473 educationisve
1510 3406 1670 3501 prejud-

209 3494 309 3580 „ciis
331 3490 477 3563 nimium
498 3486 662 3559 radicatis
686 3500 958 3579 preoccupatus
979 3487 1110 3578 fuerit,
1147 3512 1193 3565 ex
1213 3492 1358 3588 indole,
1390 3514 1452 3573 aut
1471 3514 1600 3577 tenore
1615 3509 1673 3600 ju·

212 3590 396 3680 „ramenti
417 3588 598 3679 ipsiusmet
618 3584 735 3659 damni
756 3588 926 3681 alicujus,
965 3604 1028 3661 aut
1048 3586 1278 3682 imperatori,
1310 3612 1373 3669 aut
1392 3596 1548 3691 imperio
1565 3608 1672 3697 perti·

213 3685 424 3779 „mescendi
444 3688 605 3759 umbram
627 3682 732 3759 facile
750 3688 936 3777 inveniet,
963 3686 1163 3761 dummodo
1181 3688 1384 3787 duplicem,
1409 3718 1512 3789 quam
1527 3700 1691 3795 Episco.
1870 3775 1871 3788 Ν

180 3792 283 3884 ·,,ρί
302 3786 500 3861 Germanias
517 3797 666 3879 gerunt,
704 3786 889 3877 personam
912 3788 1069 3882 penitius
1088 3787 1376 3866 confideraverit.
1426 3796 1486 3871 Sic
1508 3806 1671 3897 enimin·
1799 3848 1844 3899 κ,

212 3882 723 3979 „ramentumatrlncrpruus
741 3884 1003 3976 eectelatticir,
1030 3900 1207 3982 tamquam
1224 3888 1410 3987 Episcopis
1427 3896 1562 3973 summo
1581 3903 1676 3979 Pon·
1787 3908 1794 3921 ‘
1870 3911 1871 3920 '

214 3984 333 4080 „silici
357 3998 495 4059 tantum
514 3980 634 4074 quoad
651 4000 712 4069 ea,
740 4002 816 4071 qrrae
835 3981 879 4053 ad
900 4004 1021 4059 veram
1040 3988 1253 4078 utilitatem,
1279 3990 1312 4064 u
1329 3993 1409 4081 jura
1422 3992 1590 4080 Ecclesrae
1608 4022 1672 4076 ve·

214 4109 284 4179 „ra
305 4087 489 4180 pertinent
509 4078 687 4175 praestari3
726 4098 948 4173 nequaquam
972 4105 1148 4172 verosa,
1189 4109 1268 4181 quae
1296 4112 1379 4168 cum
1395 4091 1540 4190 Imperii
1562 4102 1671 4174 detti·

214 4198 387 4277 „mentm
414 4179 603 4272 coniuniia
624 4178 727 4268 sunt,
754 4178 882 4252 autad
901 4182 990 4256 illud
1012 4188 1219 4279 propiorem
1239 4188 1670 4289 respetiuminvolvunt,
1804 4202 1827 4275 ,¹

213 4304 467 4375 „conseruere
490 4278 584 4354 haud
610 4276 801 4355 difficulter
821 4281 1010 4377 intelliget
1059 4283 1159 4359 Nihil
1186 4284 1267 4363 sane
1289 4291 1384 4363 aliud
1410 4290 1558 4369 disertus
1578 4300 1671 4387 ejus·

215 4384 328 4475 „dem
352 4398 459 4455 tenor
477 4382 609 4477 exigit,
628 4378 697 4453 rrisr
718 4396 760 4453 ut
782 4378 974 4455 secundtlm
997 4381 1123 4457 Christi
1144 4391 1322 4463 monitum
1343 4386 1378 4457 dt
1392 4390 1499 4478 Deo,
1525 4392 1684 4472 &Pom
1749 4449 1758 4466 ,

214 4480 334 4575 „tilici
355 4480 569 4569 reddantur,
595 4496 673 4569 quae
695 4476 765 4553 Dei
788 4478 889 4569 suot,
914 4494 1022 4571 etque
1040 4480 1247 4577 Pontificis;
1273 4482 1471 4579 cessari,
1497 4512 1540 4565 ac
1556 4494 1670 4588 lmpe·
1803 4566 1810 4577 ‚

214 4584 340 4675 „rio‚·
362 4590 438 4672 quae
459 4576 539 4653 sunt
558 4576 719 4665 Cesaris,
759 4600 800 4653 ac
817 4576 984 4673 Imperii:
1020 4602 1088 4674 qua
1108 4588 1230 4679 regula
1251 4582 1531 4682 veram'lmperii
1555 4594 1669 4688 fimus,
1801 4638 1806 4645 -

189 4682 279 4773 ,u
307 4680 505 4753 sacerdotii
535 4675 765 4763 concordiam
797 4700 879 4753 cum
901 4682 1089 4773 utriusque
1117 4682 1258 4781 semper
1285 4682 1460 4763 felicitare
1487 4690 1668 4771 utilissime

214 4776 470 4871 „conjunitam
493 4780 670 4849 contineri
691 4796 828 4851 certum
850 4778 943 4853 est.“
1400 4857 1412 4884 s
1540 4796 1621 4871 co-

219 4880 1001 5001 *ffiffiffiffifflptis
1022 4910 1117 5009 9⁰29·

903 4996 984 5083 Dr
