3942 6134
106 1372 108 1451 l

106 1460 110 1550 l
212 1492 286 1549 tum
309 1494 400 1547 vero
422 1472 539 1567 abest,
579 1484 621 1545 ut
642 1474 835 1547 orientales
856 1470 1019 1546 Presuler
1036 1470 1373 1548 adversussanllunr
1391 1474 1601 1555 Pontificem
1622 1483 1673 1557 se·
1723 1502 1729 1505 ·

209 1572 244 1646 se
265 1570 524 1667 opposuerint,
561 1586 602 1647 ut
627 1576 751 1665 potius
775 1572 873 1646 orani
894 1590 976 1666 curn
1002 1573 1207 1644 reverentia
1229 1574 1304 1663 ejus
1318 1574 1406 1665 iussa
1427 1578 1670 1671 impleverint.
1747 1580 1751 1588 '

208 1670 291 1747 Hac
310 1674 405 1747 enim
422 1668 524 1766 Papae
543 1668 692 1766 epistola
708 1668 825 1761 aar
845 1668 1010 1764 praeretta
1026 1690 1153 1744 ornnes
1174 1671 1211 1742 in
1229 1692 1305 1743 earn
1326 1674 1599 1767 consenserunt,
1635 1680 1672 1751 dc
1735 1700 1742 1724 ⁸

668 1076 676 1079 “
773 1108 1112 1159 *Μ
1549 1123 1622 1200 203

215 1274 380 1373 cipiantis
398 1268 579 1363 refiliere,
605 1290 653 1347 ne
673 1271 889 1352 demandato
905 1272 967 1349 srbi
989 1294 1010 1346 a
1027 1271 1112 1347 Deo
1131 1289 1282 1347 munere
1301 1276 1345 1350 ad
1364 1281 1557 1359 maximum
1569 1280 1675 1362 Fida·
1761 1350 1765 1358 .

214 1378 301 1451 lium
324 1372 518 1462 damnum,
558 1372 589 1445 dr
615 1373 836 1449 ccclesrastici
860 1375 1038 1469 regiminis
1060 1369 1284 1446 eversionem
1309 1380 1529 1453 abuteretur.
1571 1373 1674 1459 'Tan-

106 1846 107 1855 Ν
208 1785 249 1845 ut
269 1772 338 1867 ipsr
359 1768 438 1845 sisi.
451 1782 494 1855 18
516 1772 746 1859 fatebantur,
773 1768 977 1867 pontificias
994 1767 1231 1866 suggestiones
1254 1768 1410 1847 fideliter
1429 1772 1670 1871 susceperunt,

106 1948 108 1969 ,
181 1872 439 1969 'expansisque
460 1872 622 1947 manibus
641 1872 917 1963 amplexi-sont,
959 1870 1021 1943 sibi
1043 1872 1302 1943 acclamantes:
1344 1873 1479 1947 Petrum
1496 1894 1555 1969 prr
1579 1878 1670 1972 Agr·
1713 1879 1716 1884 ’

205 1976 329 2046 tbonern
339 1967 439 2065 suffe
461 1974 611 2045 locutum.
661 1968 764 2041 Itane
785 1987 871 2067 ergo
892 1971 961 2061 jam
985 1964 1109 2041 Petrus
1132 1984 1270 2043 tauttnn
1292 1968 1456 2045 habuerit
1475 1974 1673 2051 authorita-

206 2074 294 2161 tia,v
316 2090 394 2161 quar
416 2068 606 2143 universali
631 2064 800 2149 Concilio
823 2071 984 2165 superior
1003 2064 1140 2141 suerit?
1179 2064 1265 2140 Hoc
1284 2074 1511 2145 orientalium
1530 2068 1672 2150 Petrum

208 2168 363 2263 septimo
393 2166 514 2243 seculo
541 2170 713 2261 iudicium
745 2167 948 2243 nostrorum
980 2165 1173 2241 confundit
1201 2166 1510 2247 Febrouianorum
1539 2180 1671 2250 calam.
1752 2260 1755 2266 f

205 2272 327 2360 niam,
360 2264 403 2342 ad
427 2276 563 2343 tantam
589 2268 845 2345 authoritatem
868 2264 949 2366 post
976 2265 1062 2345 otto
1086 2270 1241 2364 primum
1263 2268 1380 2349 secula
1406 2273 1508 2349 malis
1535 2274 1671 2350 artibus

203 2366 402 2454 Pontifices
426 2368 497 2445 sese
522 2364 677 2443 elevasse
701 2362 757 2463 *).
1237 2394 1244 2408 ·

896 2605 907 2631 .
941 2568 966 2636 2
997 2608 1010 2632 .

356 2690 573 2791 Furentibua
594 2690 630 2767 in
647 2688 801 2769 Oriente
814 2539 1067 2765 lco§nom3cbis
1088 2708 1118 2763 a.
1134 2658 1208 2793 787
1227 2672 1468 2766 Orientalium
1489 2707 1579 2769 vota
1601 2716 1670 2793 pro

207 2798 436 2871 mcumenico
450 2789 621 2867 Concilio
633 2790 782 2888 Augusti
795 2788 1075 2888 Constantinus,
1099 2790 1246 2885 ejusque
1258 2806 1372 2863 mater
1383 2789 1487 2867 Irene
1499 2796 1545 2869 ad
1556 2794 1669 2871 Rom.

206 2893 428 2977 Pontificem
454 2888 704 2967 Hadrianuml
729 2889 1019 2980 transmiserunt,
1059 2893 1120 2980 qui
1144 2892 1183 2963 in
1207 2890 1411 2963 Concilium
1433 2888 1622 2970 Nicaenutn
1635 2894 1674 2969 11
1829 2949 1832 2953 -

208 2992 468 3083 consentiens,
495 3011 571 3065 rem
592 3004 713 3063 tamen
733 2988 840 3087 ipsam
863 3000 969 3063 antea
986 2986 1142 3078 decidit,
1167 2986 1336 3083 Augustis
1356 2989 1557 3085 imperans,
1574 2994 1671 3073 utfi

205 3090 507 3169 velintEcclcliae
520 3089 760 3183 ulnisrecipi,
785 3090 882 3183 priua
895 3088 1098 3185 religiosum
1110 3089 1301 3185 imaginum
1317 3090 1454 3165 cultum
1466 3089 1671 3169 restituant:

205 3190 359 3283 imsuper
387 3186 746 3279 Pseudo-synodum
778 3200 906 3279 contra
936 3181 970 3258 S.
990 3185 1167 3286 Imagines
1198 3188 1412 3263 celebratam
1443 3191 1671 3268 anathemate

206 3290 391 3377 damnat,
433 3285 599 3376 idemque
619 3284 664 3357 ad
678 3282 859 3359 Tarafium
878 3282 1112 3363 Patriarcham
1132 3281 1204 3361 (ΣΡ.
1226 3284 1411 3382 perscribit
1430 3284 1517 3363 cum
1534 3289 1672 3387 depofi.

206 3390 324 3463 tionis
345 3385 651 3477 comminatione,
690 3380 754 3457 nili
777 3382 811 3459 tr
832 3382 931 3458 suum
954 3382 1108 3459 studium
1132 3385 1178 3459 ad
1197 3387 1388 3485 imaginum
1407 3386 1671 3469 restitutionem

206 3486 373 3579 fideliter
387 3480 565 3559 conserat.
614 3480 682 3557 His
700 3479 801 3579 Papae
817 3482 945 3557 litteris
964 3483 1002 3559 iu
1021 3482 1190 3560 Concilio
1205 3484 1317 3561 Attr
1336 3486 1509 3583 praeledtir
1527 3489 1601 3565 line
1617 3494 1672 3567 ul·

207 3590 247 3661 lo
269 3607 393 3661 earum
418 3585 581 3657 examine
602 3580 721 3657 Patres
740 3580 883 3677 professi
901 3582 1008 3676 sunt,·
1044 3606 1109 3679 per
1130 3588 1140 3657 i
1167 3584 1217 3659 sas
1236 3582 1271 3658 sa
1289 3586 1520 3684 cognovisse,
1557 3595 1672 3684 qualit

199 3686 250 3761 fit
272 3682 443 3759 Ecclesia
468 3681 654 3757 catholica
683 3682 812 3759 sensus.
869 3608 1526 3764 1Ρειιῑιιπιηιοιῗπωωῐῑιιειιοιιιῑιιε
1555 3693 1671 3768 totius

209 3784 369 3861 Concilii
397 3782 440 3857 ad
462 3779 589 3875 Papam
614 3782 808 3877 rescripsit:
846 3778 966 3873 „Cum
991 3785 1138 3877 perlata
1162 3784 1325 3877 primitus
1343 3783 1482 3861 Vestrae
1502 3785 1688 3872 fraterna.

208 3882 441 3977 „sanctiatis
463 3884 590 3957 littera
612 3882 839 3975 legerentur,
865 3880 1161 3977 prestolabantur
1179 3903 1307 3958 omnes
1328 3883 1565 3979 spiritualibua
1584 3891 1672 3965 edu·

207 3986 316 4077 „liin
351 4002 528 4079 tamquam
555 3980 593 4053 in
617 3980 794 4075 regalibus
818 3983 928 4055 cenis
952 3978 1136 4073 fruentes,
1171 4002 1249 4073 quae
1264 3983 1421 4061 Christus
1445 4008 1511 4081 per
1533 3988 1672 4065 litterar

206 4099 318 4175 „tuas
336 4084 564 4179 epulantibus
583 4080 860 4193 praeparabat.“⁴
875 4100 877 4107 ’
893 4076 946 4153 lta
964 4078 1122 4155 Christus
1138 4100 1203 4174 per
1219 4089 1262 4155 o's
1281 4078 1399 4179 Petri,
1425 4088 1572 4181 ejusque
1584 4089 1671 4163 suc·
1787 4119 1791 4128 ’

118 4190 124 4203 ’
210 4180 388 4257 celsorum
414 4182 514 4273 loqui
538 4178 735 4271 antiquatur
754 4180 805 4253 ab
829 4178 1019 4255 universali
1039 4179 1199 4255 Ecclesia
1222 4180 1446 4261 credebatur.
1497 4186 1590 4287 Qua
1612 4207 1671 4262 rer

210 4296 283 4357 tam
314 4284 409 4356 clara
439 4280 512 4372 est,
543 4297 584 4351 ut
604 4272 745 4352 Natalis
763 4276 971 4353 Alexander
998 4282 1037 4355 in
1065 4278 1210 4357 historia
1236 4280 1297 4357 sita
1318 4285 1436 4360 Seculi
1455 4285 1509 4365 8li
1539 4306 1671 4381 negare

211 4403 288 4457 non
317 4384 499 4475 potuerit,
545 4374 682 4451 litterar
709 4376 818 4453 Rom.
840 4374 1056 4454 Pontificum
1078 4378 1280 4456 direttncer
1309 4384 1410 4458 soille
1438 4390 1673 4463 oecumenica·

207 4504 286 4601 rum
301 4481 553 4576 synodorum,
582 4476 719 4555 &binc
737 4480 885 4577 publice
905 4479 945 4555 in
963 4480 1036 4555 illia
1057 4480 1203 4602 praelegi
1224 4478 1385 4561 debuisse
1407 4479 1481 4579 ”).

881 4734 997 4865 cca
1408 4750 1416 4774 ¹
1505 4788 1618 4885 §.rm

208 4934 882 4965 unu-dmm

279 4982 536 5155 bfflssst
638 4990 946 5118 wmcn'

1807 4766 1824 4809 ἱ
