3942 6134
294 1101 368 1173 410
490 1172 497 1182 ⁵
653 1056 658 1059 -
799 1104 1132 1150 Ηυξ-ξε

241 1264 308 1339 dar.
334 1261 371 1333 si
386 1278 473 1359 ergo
491 1260 549 1335 iiie
567 1256 624 1335 sua
639 1275 723 1359 erga
734 1197 864 1357 Papam
877 1258 1124 1337 inobedientia
1141 1224 1529 1361 transgressoriieguiae
1543 1234 1690 1353 extitit3

241 1358 381 1457 Regula
399 1360 469 1449 est,
491 1382 597 1453 quarn
619 1380 687 1433 nos
707 1362 906 1455 sequimur,
930 1382 1008 1435 non
1023 1362 1179 1438 hominis
1202 1363 1461 1459 praevaricatio.
1501 1358 1591 1436 Non
1609 1362 1692 1457 pos·

141 1484 144 1490 ¹
244 1458 1687 1558 sumniententiotegere,quodsaiisburgenfirMemoriaiisadlmperiumCon-
1770 1480 1775 1488 ’

246 1559 366 1654 cipitia
388 1560 618 1655 praetermisso
641 1562 675 1633 S.
698 1560 888 1635 Bonifatio
907 1560 1005 1635 suam
1023 1565 1225 1661 apologiam
1245 1582 1314 1655 pro
1337 1558 1626 1657 Archiepiscopit
1646 1564 1690 1637 ab
1717 1582 1722 1589 ·

246 1662 418 1753 exemplo
436 1662 541 1753 hujus
557 1658 746 1735 Hincmari
758 1664 955 1755 inceperit,
973 1666 1032 1753 qui
1047 1660 1226 1757 specimen
1241 1662 1488 1758 fuitfirperdrie3
1511 1658 1690 1751 doiosstntir,
1832 1714 1839 1721 -

243 1762 457 1851 crudelitatis,
485 1762 528 1845 Β
543 1764 666 1835 duritie
683 1762 904 1836 Pharaonirce:
927 1782 1003 1834 non
1024 1783 1103 1837 mea
1120 1766 1196 1837 haec
1212 1758 1292 1837 sunt
1307 1766 1440 1849 verba,
1466 1760 1525 1833 sed
1542 1758 1690 1839 Nicolai

242 1856 281 1934 P.
297 1857 325 1934 1.
359 1858 464 1935 lstioe
477 1860 544 1934 sint
560 1856 724 1956 Patroni,
741 1862 953 1957 &exempla
966 1860 1369 1963 Archiepiicoporumi
1393 1858 1497 1937 Bone
1510 1858 1634 1955 Deua,
1653 1862 1693 1935 li-

243 1958 557 2037 beranoaaonoe
575 1963 690 2037 maio!
762 2060 765 2069 ,
1079 1973 1083 1980 ’
1229 2015 1231 2020 .
1549 1956 1565 2013 '-
1783 1974 1795 1985 ·

949 2138 986 2258 o
1016 2138 1061 2233 o.

393 2280 566 2358 Attamen
584 2294 667 2357 utut
681 2282 764 2357 aiias
777 2282 918 2377 iniquus
935 2284 997 2357 ilie
1013 2276 1559 2376 ArchiepiscopusHincmarur,
1577 2278 1692 2355 inhac

246 2390 366 2457 tanen
382 2399 530 2475 utraque
546 2383 660 2457 carrlia
673 2382 877 2481 Drogonis,
899 2382 933 2456 dt
950 2382 1104 2479 Ansegifi
1119 2385 1255 2456 merito*
1271 2378 1322 2454 est
1338 2379 1577 2454 excusandus:
1604 2394 1694 2454 tuoe
1745 2464 1749 2471 ¹

247 2484 341 2556 enim
358 2501 433 2556 non
447 2483 652 2578 iimpliciter
667 2482 713 2556 de
726 2482 864 2579 Legatq
875 2478 1128 2579 jurisditione
1135 2478 1600 2577 pmdito‘quoad‘quaedarn
1613 2500 1693 2554 cau·

245 2582 296 2659 (irs
311 2578 476 2655 Pontifici
490 2581 684 2655 reservatas
701 2585 888 2677 agebatur,
905 2582 965 2655 sed
980 2582 1025 2654 de
1036 2584 1174 2673 juribus
1191 2580 1377 2655 ordinariis
1391 2584 1439 2653 ab
1449 2578 1695 2675 Archiepisco·

134 2728 141 2747 ,
247 2684 301 2775 pis
318 2680 395 2772 ipso
413 2677 597 2754 Pontificis
612 2677 756 2751 indulto
770 2676 840 2771 jam
854 2679 947 2773 juste
967 2682 1155 2771 acquisitis.
1192 2679 1446 2754 &Bonifatius
1462 2695 1567 2752 antea
1581 2681 1694 2754 tribus

245 2778 436 2873 Episcopia
452 2778 754 2875 Rothomagenii,
781 2778 994 2867 Rhomensr,
1018 2780 1052 2852 dt
1077 2778 1276 2875 Senooensr
1294 2779 1507 2877 dignitatem
1523 2778 1693 2873 archiepi-

246 2878 426 2971 scopaien
443 2898 524 2963 eum
544 2875 676 2965 Pallio,
694 2877 766 2951 hoc
782 2876 853 2967 est,
872 2876 1114 2973 Apostolico,
1134 2878 1195 2951 etit
1212 2880 1321 2975 magis
1333 2878 1491 2953 testritio
1506 2878 1692 2953 Vieariatu

246 2975 639 3053 aPontifrce-Zacharia
655 2979 930 3067 impetraverat,
948 2999 1020 3072 quo
1032 2976 1127 3052 fadio
1144 2980 1195 3051 ilii
1214 2976 1419 3053 immediate
1434 2977 1498 3051 soii
1513 2976 1694 3068 enutriret,
1724 3015 1728 3019 -

246 3080 409 3170 nuliique
424 3080 572 3171 emplius
590 3078 690 3149 aiteri
712 3074 875 3165 Primati,
900 3078 959 3153 seu
976 3078 1158 3171 Superiori
1174 3074 1277 3171 Papae
1293 3076 1442 3152 Vicario
1469 3065 1596 3152 subdiri
1617 3077 1697 3151 fue·

246 3192 328 3253 rant
351 3174 539 3251 declarati:
572 3177 657 3249 hinc
671 3174 847 3250 institutio
867 3178 1050 3275 Drogonis
1064 3176 1097 3250 ἃ
1112 3177 1288 3274 Ansegifi,
1322 3176 1503 3269 utriusque
1516 3178 1708 3268 tamquam'

248 3277 417 3351 ordinarii
434 3280 471 3351 in
488 3274 605 3350 Galiia
623 3274 862 3350 &Germania
881 3274 1041 3352 Primatis
1059 3282 1190 3352 merito
1209 3278 1416 3378 subreptitia
1434 3290 1578 3369 poterat
1598 3275 1698 3349 vide-

247 3379 300 3467 ri,
316 3376 349 3449 dt
366 3374 626 3471 Episcoporum
640 3374 791 3449 renisum
804 3376 848 3453 N
852 3378 894 3451 B.
912 3380 1016 3453 debito
1030 3402 1102 3453 rum
1120 3384 1298 3453 reuerentia
1314 3380 1509 3475 conjunitum
1527 3376 1694 3470 experiri.

247 3476 283 3551 Si
301 3474 482 3549 ordinaria
503 3474 584 3548 laedi
606 3478 793 3571 contingat
815 3474 1075 3571 Episcoporum
1096 3480 1195 3572 jura3
1226 3498 1337 3550 nemo
1360 3477 1547 3571 negaverit
1565 3476 1694 3555 iiadem

247 3576 379 3667 licere,
399 3594 521 3647 curam
543 3570 718 3648 Pontifice
736 3575 793 3647 sua
807 3596 1014 3669 proponere
1026 3578 1246 3671 gravamina:
1264 3576 1384 3669 neque
1403 3578 1492 3649 aiios
1510 3593 1692 3669 umquam,

247 3672 311 3748 nisr
332 3684 453 3764 aequos
474 3674 507 3746 dt
529 3675 733 3747 benevolos
754 3676 893 3765 experti
910 3672 989 3747 sunt
1003 3672 1208 3749 Pontifices.
1261 3674 1362 3778 Quid
1379 3675 1456 3748 haec
1472 3696 1562 3747 vero
1577 3674 1694 3751 cauffo

129 3838 131 3846 ,
249 3772 293 3859 ad
316 3770 523 3866 presentem
548 3768 911 3865 archiepiscoporum
936 3772 1249 3852 controverfiami
1277 3775 1337 3847 ubi
1360 3777 1492 3848 nuiliua
1510 3772 1691 3849 Ordinarii

244 3874 303 3967 jus
325 3874 383 3945 vei
403 3870 516 3966 digito
539 3872 717 3959 tangitur,
742 3883 879 3943 tantum
895 3891 962 3965 pro
979 3874 1115 3952 cadius
1130 3872 1254 3951 saouae
1267 3873 1351 3955 Sodi
1365 3873 1554 3953 reservatis
1569 3874 1699 3952 Facul-

165 4012 173 4029 ·
248 3986 341 4049 tator
355 3971 557 4069 apostolico
569 3968 716 4045 Nuntio
738 3966 910 4045 eoncess'ae
925 3971 1017 4050 sunt

916 4176 954 4293 i·
984 4201 1027 4293 r·

394 4316 486 4397 Non
502 4328 600 4398 certe
615 4322 669 4397 his
683 4320 855 4415 exemplis
873 4318 1082 4414 adjuvatur,
1102 4326 1292 4421 plurimum
1309 4344 1401 4401 vero
1420 4334 1629 4425 aggravatur
1641 4322 1694 4398 in·

248 4418 497 4499 obedientium
526 4422 651 4497 caussa.
693 4424 822 4518 Drogo
845 4419 989 4513 quidem
1005 4425 1178 4500 Merenda
1196 4422 1593 4521 Episcopus'Poutiiicis
1614 4424 1694 4501 Ser·
1788 4448 1792 4455 ·

247 4522 293 4620 gii
316 4518 369 4611 11,
393 4520 670 4616 &Imperatoris
690 4520 847 4599 Lotharii
868 4520 1046 4613 potestate
1066 4523 1228 4599 suffultus
1248 4525 1353 4601 facile
1369 4528 1537 4623 repagula
1550 4525 1612 4599 fibi
1627 4526 1695 4597 ob·

246 4620 439 4697 sistentium
464 4622 683 4721 perfringere
696 4616 892 4717 potuisset,
920 4622 985 4697 miii
1005 4623 1078 4717 ipse
1091 4624 1229 4721 summa
1254 4624 1313 4699 sua
1338 4626 1463 4718 laude,
1493 4644 1600 4719 quam
1626 4622 1691 4695 vel

245 4720 461 4797 Hiucmarus
482 4746 557 4801 non
573 4726 731 4813 reticuit,
756 4740 878 4817 pacem
894 4719 1061 4798 Eccletiae
1080 4732 1202 4823 magis,
1223 4748 1328 4825 quam
1348 4724 1442 4801 firam
1459 4738 1545 4804 cum
1563 4722 1695 4822 popuii

244 4820 410 4897 seandalo
427 4820 611 4900 vidioriam
629 4823 837 4915 adamasset,
870 4822 1145 4918 prestantiffino
1172 4824 1300 4900 nostris
1321 4825 1611 4922 rirchiepiseopit
1633 4841 1694 4895 ex·

245 4925 380 5016 empto.
430 4920 564 5018 Neque
581 4926 688 4999 eriam
702 4922 820 5003 Patres
836 4918 994 5003 Concilii
1012 4922 1206 5002 Verueufie
1223 4943 1320 5003 anuo
1337 4938 1411 5019 844
1424 4926 1495 5001 auu
1507 4920 1694 5096 suntgiare·
