3942 6134
813 1098 1144 1147 mn
1582 1096 1657 1189 'm

761 1174 769 1187 a
1098 1159 1108 1187 h
1401 1170 1405 1174 ’

1807 1214 1813 1250 l

206 1250 208 1255 ’
261 1254 450 1357 Episcopia
466 1252 669 1337 Provinciae
685 1250 999 1345 Narbonenliall,
1026 1252 1233 1333 &finitimae
1246 1254 1483 1359 wernerus,
1514 1270 1619 1364 Vellet
1635 1298 1707 1355 eurr

260 1364 447 1437 audiendum
470 1361 603 1451 Collegit
624 1358 798 1451 delegrmru
816 1356 865 1445 ³).
917 1354 1113 1449 Gregoriua
1127 1357 1186 1429 Me
1200 1357 1376 1452 loannem
1403 1390 1559 1447 romanae
1584 1374 1710 1451 Eccle·

261 1458 318 1534 ne
334 1455 573 1531 Defensorem
593 1456 630 1529 in
648 1450 850 1550 Hispaniam
872 1455 1052 1547 ablegavit
1071 1474 1152 1527 cunr
1173 1454 1304 1532 summa
1326 1466 1502 1562 potestate
1522 1472 1709 1563 judicandi

262 1554 395 1631 eduliae
411 1552 602 1647 Stephani,
629 1552 832 1649 &januarii
849 1550 1108 1651 Episcoporum
1123 1556 1162 1625 in
1180 1554 1335 1647 Synodis
1353 1559 1551 1643 Provinciae
1570 1573 1709 1665 depoli-
1775 1632 1778 1640 .

262 1670 405 1740 torum,
430 1653 480 1725 ita
500 1664 541 1725 ut
560 1648 656 1725 'solua
678 1650 872 1727 definitivo
892 1650 1043 1724 decreto
1064 1648 1281 1747 cognoscere
1301 1658 1417 1752 pollet
1437 1664 1482 1735 de
1497 1673 1709 1762 appellatio·

263 1770 335 1842 ne,
371 1750 407 1823 dr
428 1747 641 1825 confirmare
661 1772 788 1825 eorum
812 1748 1102 1843 depositionem,
1140 1754 1200 1824 vel
1222 1773 1288 1826 eoa
1304 1756 1500 1836 restituere.
1549 1765 1710 1851 Hilarior
1754 1760 1763 1773 ’
1920 1767 1921 1774 ‘

177 1902 188 1917 .
263 1860 410 1951 quoque
428 1848 588 1923 Leontio
602 1847 803 1925 Arelatenli
823 1846 1003 1943 Episcopo
1021 1847 1202 1945 delegavit
1219 1848 1493 1934 sollicitudinem
1513 1872 1710 1947 coercendi
1805 1899 1815 1915 ·

260 1950 549 2047 presumtionem
566 1946 738 2023 Mamerti
756 1950 1033 2041 Metropolitani
1052 1947 1288 2040 Viennenlir,
1313 1953 1499 2033 reservans
1515 1978 1634 2041 tamen
1651 1970 1713 2043 Se-

262 2046 299 2122 di
323 2046 527 2141 apostolica
542 2045 738 2140 iudicium,
771 2044 956 2140 postquam
977 2042 1125 2119 Leontii
1142 2050 1356 2127 relationem
1377 2056 1577 2153 accepisset.
1627 2065 1712 2143 loli·

260 2149 359 2223 nitur
376 2144 638 2240 propemodum
658 2145 728 2221 elie
748 2146 939 2236 deberem,
964 2144 990 2221 fi
1011 2145 1084 2219 adia
1102 2148 1224 2224 omnia
1241 2168 1472 2229 romanorum
1493 2158 1713 2243 Pontificum

261 2244 299 2319 in
330 2242 449 2319 cauffia
475 2242 736 2339 Episcoporum
762 2244 951 2320 recensere
976 2245 1146 2319 vellem..
1178 2246 1307 2347 Quam·
1323 2253 1479 2327 maxime
1507 2261 1712 2341 mirandum

142 2414 149 2423 .
261 2340 337 2429 est,
368 2342 587 2417 Febronium
602 2364 648 2426 ‚ea
666 2358 745 2435 tot,
779 2346 960 2433 tantisque
975 2333 1075 2417 fallis
1092 2348 1230 2441 oppido
1247 2352 1402 2427 notoriis
1421 2352 1547 2436 cunila
1563 2358 1713 2442 diffiniu-

212 4836 218 4845 ⁸
261 4843 930 4873 ——an—-nu-u--n--n-a

262 2438 368 2519 lalie:
393 2461 465 2519 tam
484 2439 808 2543 craffa'ignoraptia
824 2446 863 2520 in
880 2442 948 2519 iilo
965 2449 1047 2565 uiro
1063 2443 1134 2520 effe
1151 2447 1214 2528 vix
1229 2450 1365 2545 potuit.

934 2618 971 2739 a.
995 2623 1039 2712 ⁶.

410 2758 501 2837 lvo
532 2758 735 2839 Febronior
758 2763 795 2837 in
821 2761 889 2835 illia
915 2763 1154 2837 decretalibus
1182 2765 1341 2861 epistolia
1365 2770 1566 2873 redarguit,
1610 2780 1713 2875 qnod

264 2856 501 2936 Pontificibus
519 2861 577 2951 jnr
598 2857 829 2935 convocandi
846 2861 1009 2959 Conmlia
1031 2866 1275 2953 contulerint,
1310 2871 1361 2941 ita
1384 2888 1424 2945 ut
1442 2896 1489 2947 ne
1506 2875 1715 2958 Prouincia-

264 2962 312 3035 lia
328 2961 471 3053 quidem
492 2956 564 3031 line
581 2952 719 3031 romani
733 2954 904 3059 ,Episcopi
922 2956 1141 3057 authoritate
1161 2969 1369 3062 congregari
1389 2970 1530 3061 pollent
1546 2997 1592 3050 err
1609 2976 1714 3055 Pseu·

265 3056 467 3151 doepillola
489 3056 629 3132 Damasi
656 3056 699 3129 ad
724 3054 946 3151 Stephanum
969 3057 1316 3156 Archiepiicopum‚
1359 3088 1440 3145 cum
1466 3084 1584 3149 tamen
1607 3091 1714 3155 certo
1752 3092 1757 3101 ·

263 3156 407 3234 constet
441 3155 545 3249 (ipso
570 3156 713 3247 quidem
738 3152 942 3252 afferente)
978 3159 1098 3251 priora
1121 3158 1398 3240 odlo'concilia
1423 3177 1644 3250 oecumenica
1668 3182 1715 3255 ab

262 3246 637 3353 lanpe'ratoribuaeffe
659 3268 890 3343 convocata,
931 3262 1072 3351 quedam
1091 3266 1185 3334 etiam
1205 3268 1309 3337 molto
1333 3266 1500 3359 Parthica,
1550 3272 1635 3350 Not
1655 3296 1717 3351 aa·

263 3368 339 3430 tent
356 3352 549 3445 jamllupra
570 3350 706 3427 Coroll.
719 3352 751 3425 ll
773 3352 1108 3446 demonstravimus,
1135 3380 1316 3453 nunquam
1336 3365 1371 3437 in
1393 3372 1575 3461 primitiva
1590 3372 1716 3451 Eccle-

265 3452 312 3527 sra
334 3451 406 3525 stne
431 3453 567 3525 romani
587 3446 772 3527 Pontificio
795 3454 984 3557 consolp,
1018 3455 1053 3527 dr
1072 3458 1290 3533 authoritate
1305 3484 1361 3535 res
1377 3485 1620 3564 quascumque
1636 3494 1715 3571 gn.

263 3556 387 3625 viores
405 3563 468 3623 aut
485 3548 682 3645 susceptas,
708 3562 771 3625 aut
787 3552 996 3625 executioni
1016 3553 1114 3647 datar
1132 3555 1245 3630 fuiffe.
1296 3561 1450 3661 Quodsi
1468 3569 1511 3641 ad
1526 3574 1714 3666 graviorea

263 3647 430 3735 Ecclesia
447 3648 578 3723 canisae
595 3652 825 3744 provincialis
841 3652 978 3745 Synodi
996 3656 1192 3727 celebratio
1209 3660 1410 3755 pertineat,
1435 3668 1487 3738 uti
1504 3688 1633 3747 revera
1648 3694 1715 3749 ne·

264 3751 362 3826 ruine
390 3749 577 3823 dubitante
605 3752 784 3843 pertinet,
826 3764 898 3827 tarn
927 3753 1073 3844 antiqua
1101 3752 1292 3849 disciplinae
1320 3762 1569 3858 observantia,
1605 3760 1713 3865 quam

247 3840 369 3941 ⁴ipsane
389 3848 480 3918 adeo
500 3844 670 3921 Primanus
692 3870 712 3921 a
734 3849 874 3923 Christo
900 3846 1048 3925 instituti
1072 3854 1165 3927 ratio
1190 3856 1359 3952 erigunt,
1390 3879 1431 3937 ut
1452 3886 1529 3943 non
1550 3868 1623 3945 line
1645 3872 1715 3948 Ca·

201 3952 210 3965 ¹
264 3946 348 4041 pitia
370 3942 553 4039 praelcitu,
586 3946 620 4017 dr
643 3946 815 4021 consensu
840 3966 911 4023 tarn
930 3952 1062 4047 *magni
1080 3958 1254 4027 momenti
1277 3979 1334 4034 ree
1351 3960 1574 4057 ‘suscipiatum
1625 3964 1716 4045 Aah.

149 4104 153 4111 .
263 4043 514 4121 madverhone
537 4044 683 4140 insuper
708 4048 851 4142 dignum
881 4047 952 4140 est,
993 4052 1092 4141 quod
1119 4050 1318 4134 Febronlnr
1348 4060 1394 4135 de
1417 4064 1505 4139 nelo
1533 4064 1714 4155 prioribus

265 4142 438 4217 conciliis
462 4146 690 4219 mcumenicis
715 4146 877 4244 scripsit,
915 4168 957 4222 ea
981 4154 1212 4225 convocandi
1236 4150 1301 4245 jusx
1316 4180 1393 4233 non
1419 4161 1614 4257 Pontifici,
1651 4168 1715 4245 sed

264 4243 386 4337 potius
404 4242 680 4337 imperatoribus
700 4244 878 4336 afferens,
904 4266 976 4337 quo
1000 4246 1063 4320 suo
1081 4252 1203 4328 mundi
1223 4251 1441 4353 Principibus
1463 4263 1628 4353 placendi
1647 4266 1715 4343 liu·

149 4342 155 4353 '
263 4340 326 4413 dio
348 4338 426 4413 satis
447 4341 625 4434 prodidit,
649 4365 725 4421 non
746 4345 807 4420 srbi
831 4348 986 4421 animum
1011 4346 1134 4439 fuisse,
1158 4367 1200 4425 nt
1216 4349 1381 4428 Ecclefiae
1401 4356 1716 4459 &episcoporum

260 4437 356 4514 sacra
371 4440 450 4532 jura
470 4442 703 4532 defenderet,
729 4444 787 4517 sed
811 4460 949 4529 tanturn
971 4465 1012 4521 ut
1032 4448 1217 4542 pontificia
1238 4454 1315 4543 iura
1338 4456 1469 4531 etiamst
1490 4480 1571 4537 cum
1592 4467 1715 4560 preju·
1830 4465 1837 4475 ‘

261 4536 360 4611 dicio
381 4538 486 4633 ipsius
508 4538 674 4617 Ecclesrae
694 4536 941 4633 pessumdaret.
995 4546 1195 4625 Enimvero
1215 4548 1256 4622 N
1283 4548 1455 4633 vatorum
1471 4557 1604 4648 allepsu
1624 4588 1717 4643 con.

261 4636 426 4731 ceditur,
462 4637 631 4731 Synodoa
654 4640 864 4719 dioecelanar
890 4666 1100 4735 convocare
1119 4650 1164 4727 ad
1183 4648 1239 4745 Ep
1254 4650 1400 4753 scopum
1412 4706 1428 4748 ,
1467 4653 1715 4745 Provincialar
1825 4710 1829 4719 ·

953 4815 955 4823 .
1618 4767 1665 4843 ad

340 4906 374 4987 ⁸)
387 4888 517 4985 'Epist-n
534 4902 571 4971 ad
587 4904 683 4987 Epist.
695 4904 792 4985 ³Viro.
811 4904 842 4971 aa
857 4910 1002 5097 Narblpr}
1189 4994 1195 5001 ι

782 5088 785 5093 ·
866 5009 894 5105 ⁴.
1013 5019 1050 5103 P·
