3942 6134
1036 992 1040 998 ι
1125 986 1132 999 0

381 1008 385 1016 Ι
494 1024 502 1033 0

319 1038 394 1127 Ψ
803 1039 1157 1089 ''¹²⁸⁵''-

811 1134 820 1150 a

136 1292 142 1312 ,
271 1216 402 1291 dmum
424 1206 531 1283 ctiam
551 1206 588 1281 in
611 1204 782 1295 animas,
806 1218 955 1295 numum
976 1196 1024 1275 ad
1047 1200 1162 1277 vitam
1178 1213 1348 1281 uterum
1370 1202 1592 1287 nutrimenta
1613 1208 1716 1289 om

96 1378 99 1387 ·
273 1314 336 1395 lua
352 1314 413 1406 lli,
441 1306 620 1389 &dende
638 1304 774 1383 sustulit
791 1303 846 1396 l).
886 1408 889 1411 Ι
1484 1305 1487 1312 ’

895 1478 939 1599 §.
967 1498 1044 1577 21.
1110 1426 1116 1460 ⁴

420 1628 603 1726 Perpetuo
623 1578 743 1705 tamen
760 1626 933 1703 memoria
952 1622 1113 1719 quadam
1132 1622 1354 1701 cimeliorum
1374 1566 1451 1700 tam
1467 1612 1720 1726 pretiosorum,

275 1749 385 1831 atque
401 1734 508 1808 ctiam
525 1730 704 1824 quaedam,
728 1727 934 1803 obscuriora
950 1728 1036 1801 licet
1052 1722 1198 1819 vestigia
1218 1727 1254 1799 in
1272 1722 1427 1799 Ecclefia
1444 1726 1514 1801 Dei
1530 1729 1719 1811 conserva·

163 1908 167 1917 ,
276 1835 432 1919 salunt:
468 1831 553 1905 hinc
572 1851 647 1905 non
662 1830 788 1901 mirum
815 1824 953 1921 (prout
971 1824 1090 1899 fatalis
1108 1824 1171 1898 illa
1186 1825 1259 1900 sors
1278 1818 1494 1899 vetustr‘rum
1513 1850 1631 1904 rerum
1649 1835 1725 1924 ple·

275 1954 428 2028 rumque
446 1928 525 2024 cll)
552 1950 638 2003 vera
656 1924 757 2015 inille
775 1924 867 2000 fallis
883 1926 1020 2014 mixta,
1043 1944 1116 1998 nec
1133 1944 1208 1999 non
1224 1924 1478 2020 &apogrypha
1492 1927 1578 2002 inde
1591 1948 1724 2024 prona.

275 2052 340 2126 tu,
378 2031 571 2124 dequibus
589 2031 659 2123 iarn
683 2026 784 2119 supra
804 2029 901 2117 §.14
923 2020 1106 2097 Hincmari
1126 2020 1334 2099 Rhemenlis
1354 2022 1545 2117 sapientem
1566 2030 1725 2107 animad·

149 2166 152 2173 ·
277 2133 481 2211 vernonem
501 2130 669 2204 vidimus.
723 2126 958 2229 Quapropter
978 2142 1060 2213 eas,
1085 2142 1173 2215 quaa
1190 2120 1344 2197 locotus
1365 2124 1402 2197 in
1421 2121 1480 2198 sua
1493 2122 1729 2223 Colledione,

249 2224 253 2239 '
279 2235 448 2322 exhibet,
473 2224 688 2303 Pontificum
707 2224 867 2302 omniurn
886 2218 1052 2316 epistolas
1066 2225 1182 2297 nolim
1199 2242 1269 2319 ego
1284 2237 1464 2315 tamquam
1482 2225 1721 2325 authenticas,

110 2336 117 2347 '
278 2336 355 2413 live
372 2332 543 2429 genuinas
563 2325 768 2411 vindicare,
793 2308 851 2397 sed
869 2330 952 2397 inter
966 2326 1177 2418 rpogryplas,
1203 2321 1386 2415 srplrcet,
1412 2342 1477 2420 per
1491 2339 1550 2397 me
1567 2329 1723 2419 rejicias:
1743 2393 1746 2403 .
1891 2321 1892 2398 l

188 2429 192 2453 ²
278 2437 388 2513 unice
407 2430 491 2505 mihi
512 2423 822 2511 demonstrandum
844 2423 1005 2515 plurimis
1027 2424 1073 2496 ab
1090 2422 1264 2516 exemplis
1283 2419 1403 2511 sumu,
1439 2424 1570 2499 nullam
1592 2424 1652 2501 hic
1668 2430 1726 2507 lsr-

279 2534 361 2609 dori
381 2528 544 2605 fraudem
569 2522 727 2611 inbelle,
753 2521 810 2597 led
832 2522 1045 2597 Decretales
1064 2520 1206 2595 easdem
1225 2523 1298 2613 J'am
1319 2539 1403 2593 ante
1424 2520 1535 2615 ipsum
1555 2528 1723 2625 extitiffe,

279 2614 1725 2813 llllllalnlalllllllrnvlltllllptlltl‘lltlldcll

949 2802 951 2807 .
1348 2768 1364 2807 ’
1710 2768 1727 2794 .

278 2828 397 2914 {lentii
412 2821 571 2896 Tomunt
589 2822 625 2895 dr
642 2814 953 2915 Pseudrifidorr'om'r,
978 2819 1025 2888 ab
1041 2817 1107 2889 illo
1123 2830 1196 2891 tam
1212 2816 1302 2910 sepe
1318 2816 1524 2911 prorniss'um
1541 2824 1642 2899 ullibi
1659 2848 1726 2921 po·

282 2918 674 3017 tuilreminveliigarer
713 2916 861 2991 credere
878 2917 973 2989 eninr
987 2916 1099 3004 licet,
1136 2916 1233 2990 hunc
1251 2915 1470 2991 Parifiensem
1488 2918 1727 3021 Monachum,

279 3046 386 3125 quam
406 3022 613 3099 temerarius
634 3018 703 3095 luit
724 3019 761 3089 in
780 3013 886 3091 facile
905 3015 1106 3108 rejiciendis
1116 3010 1331 3091 Pontificum
1352 3014 1523 3118 epistolis,
1538 3034 1608 3096 tarn
1630 3022 1730 3102 futu·

272 3114 359 3205 frum
380 3122 500 3199 saltem
523 3118 624 3197 fulde
644 3114 788 3193 fidelem
809 3117 844 3189 in
867 3114 1077 3210 detegendis
1101 3112 1265 3215 fontibus
1286 3116 1465 3208 antiquis,
1504 3120 1601 3194 unde
1620 3120 1728 3202 lsrdo·

280 3250 342 3313 fu,
364 3222 537 3300 hauserit..
578 3220 614 3293 Sl
640 3218 729 3289 tanti
752 3215 926 3291 momenti
952 3234 1044 3308 opus
1070 3211 1276 3309 promissum
1302 3216 1375 3310 ipse
1396 3212 1625 3296 Constantius
1646 3226 1727 3303 nou

282 3324 465 3427 prestitit,
499 3340 519 3391 a
535 3316 709 3393 Maurana
726 3312 1020 3412 congregatione
1040 3318 1199 3388 virorum
1221 3314 1434 3391 eruditionis
1452 3318 1558 3391 laude
1576 3335 1646 3397 tam
1668 3346 1727 3399 cc·

282 3427 435 3505 lebriurn
460 3418 552 3494 istud
575 3418 690 3493 adhuc
715 3412 924 3510 sperandum
951 3414 1137 3491 existimo:
1174 3414 1312 3488 facilius
1336 3430 1455 3489 autern
1480 3417 1516 3489 id
1535 3416 1663 3495 Rornae
1686 3428 1726 3501 io

164 3560 170 3569 ·
282 3522 499 3603 abundantia
522 3512 835 3609 antiquiffimorurn
858 3515 1034 3589 Codicum
1058 3512 1207 3607 praellari
1231 3513 1329 3607 polle
1351 3512 1526 3587 videtur..
1558 3516 1727 3601 Promea

284 3624 429 3727 quidem
452 3620 581 3697 virium
605 3616 783 3692 tenuitate
803 3618 967 3711 exempla
988 3631 1108 3690 tamen
1128 3610 1178 3685 sat
1196 3614 1308 3685 multa
1322 3612 1395 3705 jam
1415 3614 1553 3690 inveni.

934 3786 972 3901 i·
1005 3808 1084 3906 22,

425 3940 460 4021 lt
478 3933 693 4017 Clemenrel
707 3934 886 4031 incipiam.
933 3930 1051 4005 Prima
1066 3930 1224 4023 ejusdem
1242 3928 1285 4005 arl
1298 3930 1471 4028 Jacobum
1490 3934 1729 4031 epistolatum

284 4049 428 4154 antiqua
444 4042 515 4133 eli,
551 4055 592 4112 ut
607 4062 626 4111 a
643 4036 779 4118 Rufino
799 4034 902 4109 seculi
921 4032 1036 4125 quarti
1051 4031 1234 4125 Scriptore
1251 4034 1287 4106 in
1305 4036 1452 4109 latinum
1470 4038 1601 4113 idioma
1618 4058 1727 4119 trans·

283 4150 377 4238 lata,
411 4136 700 4218 &vetustiffinris
717 4135 912 4223 *canonum
937 4128 1241 4221 collectionibus,
1275 4136 1486 4207 nominatim
1511 4136 1636 4213 Codici
1663 4163 1727 4235 per

285 4244 498 4323 arsenarum
520 4235 752 4341 Quesnellum
778 4232 878 4304 edito
900 4228 1050 4317 inserta,
1083 4248 1192 4323 atque
1214 4253 1247 4319 a¹
1260 4230 1427 4307 Concilio
1443 4234 1588 4311 Vaienl'r
1611 4260 1727 4332 ιω

283 4347 426 4425 laudata
445 4342 498 4417 snt.
548 4338 674 4411 Altera
694 4332 737 4405 ad
756 4332 951 4421 Jacobum,
988 4328 1048 4421 seu
1068 4334 1103 4404 dr
1121 4334 1331 4407 Samomrntir
1352 4334 1388 4405 in
1410 4339 1618 4427 perantiqua
1638 4342 1727 4415 Col·

283 4446 442 4525 tertione
468 4454 552 4515 aute
567 4428 766 4512 SeculiVll
789 4424 899 4505 finem
925 4426 1095 4531 ponenda
1118 4431 1156 4507 iu
1170 4428 1404 4509 Bibliothecae
1423 4434 1640 4511 colbertinae
1655 4437 1727 4514 Co·

1598 4536 1680 4615 dice

366 4811 399 4895 ⁰)
421 4806 499 4866 Cum
517 4781 750 4949 'ror'tnsrrrlerin't'
762 4802 941 4949 antiglriltlgtlr
958 4790 1156 4877 documenrr,
1183 4814 1285 4876 parer,
1314 4816 1399 4945 :gurm
1416 4790 1728 4909 infirmummnullior·

344 5018 348 5027 .
403 4903 885 5051 ‘lllllllllltllllmz
905 4890 1729 5055 ,illilllnllllllultdllulul‘·
