3942 6134
927 1215 1036 1336 ia

282 1383 307 1434 ο
376 1363 380 1370 “
405 1307 532 1438 'ruste
551 1378 629 1440 non
647 1357 766 1438 minus
783 1357 855 1452 est,
891 1356 992 1452 quod
1013 1379 1059 1442 ex
1074 1353 1108 1434 S.
1118 1353 1305 1453 Cypriane
1321 1355 1358 1432 in
1376 1323 1489 1438 rauna
1506 1357 1714 1442 Easlidisdc

266 1455 444 1536 Martialis
461 1460 542 1556 post
556 1461 790 1564 Quesnellum
809 1460 988 1554 Dupiniua
1004 1443 1159 1552 opponit
1174 1457 1235 1553 il:
1258 1455 1361 1550 „Illis
1377 1456 1551 1552 Hispaniae
1568 1461 1715 1558 Episco

181 1586 184 1609 ¹
264 1562 349 1654 „pis
368 1564 418 1634 ob
440 1561 653 1636 idololatriae
671 1563 805 1636 crimen
825 1557 1015 1655 depostis,
1041 1555 1240 1650 seusana,
1268 1557 1312 1630 ad
1335 1579 1439 1650 quem
1460 1559 1710 1658 consugeraitt,

263 1659 467 1752 „restitutis
495 1657 636 1750 quidam
664 1657 811 1756 Hispani
841 1657 884 1732 ad
911 1657 1117 1730 Africanam
1148 1655 1340 1732 Ecclesiam
1369 1661 1505 1732 litteras
1535 1659 1714 1737 dederunt

264 1759 482 1850 „consilium
512 1756 580 1832 hac'
601 1760 639 1834 in
660 1781 698 1832 re
727 1769 951 1854 expetentes.
1004 1753 1203 1848 Cyprianus
1224 1755 1434 1852 respondit,
1465 1759 1623 1852 legitime
1640 1762 1724 1851 jam.

262 1858 484 1952 sr⁰¹di⁰²1⁰⁸
499 1858 536 1930 5¹¹
557 1859 679 1947 locum
693 1858 937 1956 depositorum
955 1877 1024 1949 pro
1046 1857 1141 1928 veris
1159 1851 1344 1952 Episcopis
1364 1857 1608 1960 agnoscendos
1626 1858 1729 1934 insu..
1858 1895 1864 1910 .

265 1957 483 2054 „perhabita
501 1952 603 2052 Papae
618 1956 866 2045 restitutione,
898 1962 1031 2050 quippe
1055 1955 1114 2046 qui
1139 1953 1404 2030 ordinationem
1419 1976 1500 2044 rure
1517 1957 1715 2050 professam
1745 1967 1755 1980 “’
1829 2019 1832 2035 ,

262 2055 496 2150 „rescindere
515 2062 714 2148 nequeac“
762 2057 834 2132 Sed
854 2057 964 2151 ipsum
990 2056 1028 2148 S,
1041 2051 1211 2148 Cypriani
1233 2066 1373 2130 textum
1394 2070 1477 2132 ante
1498 2060 1627 2130 oculos
1648 2079 1725 2152 poa,

261 2175 414 2245 narnus,
440 2153 571 2228 &tota
590 2154 780 2232 difficultas
797 2178 884 2232 mox
905 2154 1116 2245 disparebit:
1150 2175 1194 2229 en
1213 2155 1326 2228 verba
1340 2155 1421 2244 *ila
1454 2151 1567 2246 „Nec
1588 2157 1718 2232 rescin·
1817 2175 1822 2206 ³

237 2281 241 2285 ’
261 2255 384 2347 „dere
409 2249 638 2350 (Pontifex)
663 2257 929 2332 ordinationem
947 2256 1027 2348 iure
1050 2251 1245 2346 prosesiam
1266 2249 1405 2347 potest,
1433 2255 1532 2344 quod
1549 2252 1716 2332 Basilides

262 2353 378 2448 „posi
402 2355 551 2427 crimina
578 2353 637 2428 sua
660 2355 821 2447 detesla,
855 2356 889 2428 dc
914 2351 1169 2429 conscientiam
1194 2352 1301 2424 etiam
1319 2349 1473 2446 'propria
1496 2351 1718 2428 confsffione

232 2529 237 2544 ,
261 2451 466 2544 „nudatam
482 2451 633 2528 Romam
652 2475 805 2550 pergens
818 2455 1039 2548 Stephanum
1049 2447 1234 2546 Collegam
1250 2449 1409 2526 nostrum
1425 2455 1533 2548 longe
1549 2452 1717 2545 positum,

263 2553 332 2642 „u
350 2551 453 2650 geste
474 2553 547 2642 rei,
574 2573 615 2625 ac
635 2556 752 2626 tacitae
769 2555 929 2632 veritatis
947 2553 1107 2645 ignarum
1127 2547 1280 2638 fefellit,
1316 2564 1358 2620 ut
1373 2553 1572 2626 exambiret
1589 2558 1718 2646 reponi

262 2653 333 2742 „se
361 2637 488 2740 injuste
512 2650 550 2722 in
573 2647 848 2746 Episcopatdm,
885 2649 941 2721 ‘de
965 2669 1040 2738 quo
1064 2645 1185 2740 fuerat,
1204 2647 1294 2737 iuste
1317 2645 1511 2753 depastus.
1541 2647 1645 2724 'Hoc
1671 2673 1718 2725 eo

257 2751 476 2848 „pertinen
509 2763 551 2822 ut
570 2748 613 2820 ad
634 2749 816 2844 superiora
832 2759 983 2846 peccata
1008 2748 1083 2840 eius
1103 2749 1210 2822 etiam
1234 2746 1403 2836 fallacie,
1427 2748 1475 2820 ,dt
1494 2750 1720 2824 circumven-

109 2943 112 2946 ἢ
261 2849 410 2940 „tionis
428 2848 562 2923 cnmen
581 2849 812 2922 accederet.“
858 2848 956 2942 Frgo
973 2839 1173 2940 Cyprianus
1194 2865 1269 2921 non
1292 2865 1338 2922 ex
1358 2845 1500 2924 defedu
1517 2849 1718 2944 potestatis,

179 2991 183 2998 ·
214 2960 218 2969 '
262 2947 327 3030 sed
348 2943 510 3040 justitie,
542 2967 586 3021 ac
603 2963 755 3042 propter
775 2947 974 3040 fallaciam,
1009 2944 1412 3046 &circumventionem
1431 2949 1563 3024 nullius
1583 2951 1727 3026 valoris,

264 3045 343 3134 elie
362 3043 800 3140 declaravitpontiiiciam
820 3045 1095 3120 restitutionem.
1146 3043 1239 3118 Sane
1257 3045 1320 3137 ipsr
1342 3041 1535 3122 Pontifices
1551 3047 1646 3122 haud
1667 3069 1717 3124 ra·

265 3167 312 3221 ro
331 3145 414 3216 decl
495 3160 582 3232 unt,
608 3147 680 3220 boc
702 3146 822 3235 sensu,
845 3147 981 3223 scilicet
1002 3141 1251 3218 nbsubdolam
1271 3147 1527 3240 obreptionem
1549 3151 1724 3240 decepto·
1866 3153 1871 3161 “

267 3245 376 3320 ribus
393 3240 453 3313 sav
496 3262 608 3317 enon
631 3242 731 3337 posse
753 3245 830 3319 suas
849 3243 1053 3318 sententias.
1102 3241 1166 3315 His
1187 3239 1327 3318 accedit
1347 3265 1423 3318 uon
1445 3247 1537 3320 levis
1557 3246 1706 3342 suspicio

268 3337 376 3436 quod
401 3351 479 3416 non
507 3354 579 3416 tam
599 3339 789 3434 Pontifex,
823 3363 930 3435 qoam
956 3339 1029 3438 ipse
1058 3343 1179 3436 potius
1199 3340 1399 3435 Cyprianus
1419 3349 1597 3424 relatione
1617 3347 1703 3422 uoiu

267 3439 468 3537 Episcopi,
509 3463 642 3574 nempe
658 3440 951 3540 cesaraugustam
972 3461 1055 3520 cum
1077 3443 1197 3536 paucis
1219 3439 1367 3519 Clericis
1391 3466 1436 3519 ex
1461 3460 1537 3520 tota
1554 3443 1726 3539 Hispania

229 3579 233 3582 ·
253 3539 453 3631 'deceptus
473 3539 604 3632 suerit,
639 3541 810 3634 quodque
834 3545 960 3634 reliqui
982 3559 1027 3616 ex
1045 3539 1175 3634 Clero,
1213 3544 1425 3636 populoque
1445 3542 1631 3622 Pontificis
1650 3547 1725 3622 sen·

269 3641 400 3715 tentiae
423 3636 630 3716 adheserint
650 3642 803 3736 expulsa
819 3641 961 3730 Felice,
988 3639 1194 3735 &Sabino,
1220 3645 1281 3734 qui
1298 3641 1468 3720 in‘sedes
1485 3643 1662 3738 Basilidis,
1688 3648 1726 3722 u

270 3739 455 3813 Martialis
487 3739 630 3814 fuerant
656 3739 872 3839 subrogati.-
921 3741 1107 3840 Quidquid
1131 3745 1182 3820 ob
1209 3741 1393 3836 pemtriam
1418 3744 1723 3824 documentorum

219 3857 225 3862 ·
269 3843 440 3934 placeat,
479 3849 615 3910 eertum
639 3836 691 3908 est
714 3861 760 3912 ex
782 3839 877 3914 fabio
899 3841 975 3914 hoc*
1002 3843 1145 3938 colligi,
1185 3841 1283 3936 quod
1313 3839 1384 3931 ipse
1407 3841 1573 3922 Baluzius
1600 3845 1722 3920 lidori

270 3936 496 4014 Mercatoris
519 3936 606 4009 licet
629 3936 793 4017 inimicus
814 3957 913 4012 certe
936 3937 1203 4030 infensissimus,
1243 3943 1279 4016 in
1297 3937 1401 4016 Nota
1414 3961 1460 4036 27
1483 3943 1527 4018 ad
1550 3965 1724 4020 memora·

272 4054 351 4114 tam
362 4031 530 4127 Cypriani
540 4033 734 4126 Epistulam
752 4035 950 4138 fatebatur:
974 4032 1289 4132 „Antiquillimum
1308 4037 1378 4114 eise
1393 4047 1431 4118 in
1440 4041 1595 4120 Ecclesia
1611 4045 1722 4133 usum,

274 4136 348 4231 „ut
365 4157 409 4207 ex
426 4133 658 4210 remotiffimis
676 4137 776 4224 orbis,
790 4139 949 4230 partibus
965 4137 1157 4233 Episcopi,
1183 4142 1243 4236 qui
1261 4139 1295 4216 se
1312 4141 1439 4232 injuste
1456 4143 1590 4238 pressos
1613 4143 1683 4216 elle
1703 4167 1724 4220 a

228 4264 233 4273 ·
274 4233 466 4329 „collegis
488 4234 555 4306 suis
575 4232 789 4324 crederent,
816 4252 1062 4326 provocarent
1084 4239 1127 4324 ad
1147 4259 1361 4329 romanum,
1387 4253 1564 4336 tamquam
1591 4245 1632 4316 ad
1656 4247 1724 4338 pri·

272 4335 455 4429 „marium
472 4330 639 4409 Ecclesae
658 4333 1129 4414 universalisAntistitcm.“
1180 4339 1337 4433 Mirum,
1362 4361 1466 4433 quam
1488 4341 1727 4418 andrense
1785 4352 1788 4358 “

271 4433 427 4526 bronlus
444 4446 647 4522 provocet,
672 4436 838 4528 quiajam
862 4437 1060 4530 Dupinium
1080 4439 1315 4514 refutaverit!
1341 4465 1409 4538 ego
1431 4463 1521 4514 vero
1544 4446 1725 4538 provoca·

273 4555 317 4608 re
335 4550 411 4604 non
433 4530 583 4621 dubito,
616 4534 693 4622 quis
708 4529 847 4623 Fratres
862 4535 1096 4630 Ballerinios,
1132 4541 1209 4634 quis
1227 4539 1545 4639 Antisebronium,
1579 4545 1656 4640 quia
1675 4547 1727 4622 hi·

226 4643 230 4652 “
272 4631 423 4710 storicas
440 4627 548 4704 hasce
569 4632 739 4707 veritates
762 4635 823 4708 vel
844 4658 865 4709 a
884 4657 944 4712 me
964 4639 1181 4737 conscriptas
1204 4641 1248 4716 srt
1262 4641 1517 4720 ¹refutaturusi

946 4787 1073 4872 Nn2
1197 4894 1245 4922 ¹.
1598 4809 1677 4902 gg
1806 4913 1809 4920 ῃ

275 4913 947 4940 *mm

365 4974 404 5056 *)
425 4973 471 5036 De
492 4975 583 5055 antiq.
601 4975 712 5038 Ecclcs
728 4958 850 5056 Discipl.
865 4979 1035 5059 Diserta,
1057 4984 1174 5070 Οερᾼ.
1297 4991 1348 5076 ·*)
1369 4991 1518 5070 Epist-63.
