3942 6134
105 3125 121 3170 s
250 3145 304 3198 ex
325 3120 430 3215 padio
449 3121 637 3214 obligatio.

675 1137 680 1146 ,
814 1089 1148 1158 ...ἡ
1899 641 1914 1223 l

260 1281 423 1384 poliunt.
458 1273 612 1384 Quadi]
632 1271 844 1390 etiam-falso
859 1273 959 1362 lieet,
985 1269 1154 1367 atquenl
1168 1266 1347 1396 modunl
1362 1275 1506 1374 largiter
1521 1277 1708 1398 daremuaq

258 1380 306 1460 ad
330 1381 501 1460 summurn
523 1377 730 1470 sequeretur
747 1376 806 1448 illa
827 1387 899 1446 tam
922 1370 1056 1448 famosa
1074 1371 1219 1451 decreta
1236 1390 1257 1444 a
1275 1376 1478 1469 qualusdam,
1504 1400 1563 1472 qut
1576 1380 1709 1459 Alner.

257 1485 349 1558 210ae
369 1473 612 1572 acceptationi
632 1473 873 1562 adheserunt,
917 1475 1004 1552 licite¹
1024 1475 1061 1559 in
1081 1459 1179 1548 ustltn
1202 1469 1331 1546 deduci
1359 1471 1513 1567 potuiffe
1533 1479 1731 1573 usquead

249 1647 253 1656 .
286 1582 430 1660 roxime
449 1577 608 1652 futurum
628 1577 796 1674 generale
815 1571 1042 1660 Concilium,
1064 1577 1102 1646 in
1119 1579 1291 1667 quaelicet
1307 1576 1524 1668 aidinaretur,
1550 1579 1649 1668 quod
1668 1583 1708 1656 in

254 1601 481 1756 {ridendae
503 1675 644 1753 latium.
696 1671 795 1748 Hine
817 1693 866 1748 ne
890 1666 964 1744 hoc
984 1667 1128 1762 quidem
1145 1667 1367 1746 concordati
1392 1675 1501 1746 titulo
1521 1674 1708 1773 Archiepi·

254 1774 359 1872 scopi
382 1773 492 1852 nostri
516 1775 574 1870 J'ua
595 1773 659 1848 sibi
682 1775 820 1847 delitum
847 1790 915 1868 pro
935 1766 1088 1844 secunda
1111 1773 1392 1862 appellationum
1416 1771 1605 1868 instantia,
1645 1767 1729 1852 aut'

252 1878 445 2052 {kldegatia
467 1895 567 1952 mere
586 1871 830 1978 nationalibus
855 1889 900 1946 ex
916 1865 1105 1946 Bafileenii
1125 1867 1278 1946 decreto
1290 1865 1379 1944 Sela.
1389 1889 1437 1968 qt
1456 1871 1603 1969 poliunt
1620 1895 1708 1971 prae·

273 1998 322 2053 en
348 1996 434 2054 ere..

940 2253 952 2280 .
1012 2205 1055 2277 2.

283 2337 296 2350 '
403 2329 506 2406 Dato
522 2327 685 2424 insuper,
710 2349 786 2405 non
803 2184 1169 2404 conce{0{ifficilm
1188 2322 1337 2426 adhuc,
1353 2322 1390 2398 dt
1405 2325 1589 2404 obscurant
1608 2331 1708 2408 vide·

251 2435 283 2508 ri
301 2429 409 2528 lplln
428 2427 653 2503 concordati
671 2427 884 2516 formulam3
910 2441 1011 2501 certe
1030 2423 1120 2498 ficut
1138 2427 1175 2498 in
1196 2428 1379 2500 communi
1391 2427 1474 2520 jure
1491 2451 1574 2527 erga
1594 2453 1707 2524 equa·

252 2535 333 2621 lea,
369 2535 419 2603 itt
438 2531 544 2604 etiam
570 2531 651 2624 erga'
675 2523 1101 2606 sumnonsmerdoten
1125 2525 1262 2616 optima
1287 2525 1564 2602 transadionum
1585 2533 1708 2626 regula

252 2627 410 2703 deberet
430 2628 568 2700 admitti
588 2627 673 2698 inde
695 2629 739 2702 ab
757 2627 861 2698 initio
882 2623 1076 2715 tranquille
1094 2620 1232 2714 semper
1245 2621 1441 2715 perdurans
1460 2625 1708 2708 observantia:
1802 2644 1807 2653 ’

250 2730 356 2820 atqui
376 2727 457 2812 haee
472 2728 579 2818 plane
594 2721 832 2798 sandaeSedia
851 2719 1073 2794 adversarior
1086 2719 1320 2804 condemnatq
1369 2721 1431 2794 Ab
1451 2725 1591 2818 epocha
1611 2730 1708 2804 enim

250 2817 607 2922 Asthaffenburgicae
637 2817 897 2914 pacificationis
929 2839 1044 2910 usque
1074 2820 1118 2891 ad
1139 2839 1253 2895 annos
1277 2823 1371 2893 ultra
1399 2822 1526 2915 viginti
1559 2847 1709 2918 paucos,

250 2925 332 3002 llot
352 2921 404 2998 est
423 2943 488 3018 per
505 2925 593 3010 tria,
619 2921 653 2992 dt
674 2923 824 3014 amplius
841 2917 957 2992 secula
983 2917 1149 3015 (quanto
1163 2923 1337 3011 temporie
1352 2919 1598 3017 intervallot)
1625 2927 1709 3000 utri.

251 3045 330 3120 que
347 3021 794 3189 compaciscentiumgart}
807 3019 927 3188 igtnqita
944 3015 1087 3132 fuitilla
1104 3015 1594 3186 declretorumdastleenlium
1614 3023 1708 3137 quad

722 3139 770 3191 on
787 3137 873 3190 ueu
901 3137 996 3188 inem
1019 3135 1057 3187 tn
1075 3135 1118 3190 te
1180 3136 1208 3186 ta
1224 3137 1313 3207 June
1338 3137 1539 3208 communis
1566 3143 1591 3194 o
1619 3139 1708 3198 time

251 3219 443 3296 fundatam
465 3237 616 3290 romano
634 3211 801 3290 Pontifici
818 3219 877 3308 jue
901 3213 1022 3288 dicere
1040 3135 1358 3308 nenffiunegaveru
1380 3219 1438 3288 vel
1455 3144 1627 3308 aequltatli's
1649 3243 1709 3296 na·

252 3319 382 3393 natalis
407 3319 501 3390 inter
521 3314 695 3407 aequales,
732 3315 922 3388 autetiam
948 3315 1044 3386 inter
1064 3311 1184 3385 hostes
1209 3333 1340 3386 amans.
1390 3313 1625 3392 Consuetudo
1646 3313 1705 3394 au·

166 3463 169 3472 »
252 3431 333 3492 tem
360 3415 589 3490 dormitantio
618 3409 837 3487 invaluerit?
870 3410 980 3485 Anne
1002 3407 1193 3484 Germania
1222 3411 1431 3486 dormitavit
1455 3414 1707 3494 Banteeninua

252 3517 410 3594 retiariis
431 3517 556 3608 utique
577 3513 828 3610 vigilantibus,
868 3511 904 3584 dt
925 3511 1036 3606 paulo
1058 3509 1144 3606 post·
1160 3510 1280 3586 hereti
1307 3515 1461 3584 excitata
1484 3511 1605 3590 santiae
1622 3517 1707 3594 Sedi

200 3669 211 3682 .
250 3611 505 3692 inienfiffimai
547 3609 686 3686 Nonne
704 3613 907 3710 gravamina
930 3611 1194 3706 gravaminibus
1218 3612 1339 3705 patria
1365 3608 1492 3684 nostrae
1516 3616 1610 3688 haud
1631 3622 1705 3714 glo·

85 3745 92 3768 ι
170 3781 176 3788 .
248 3713 693 3800 noisfuerecumulam
732 3707 1081 3797 nislab‘Haereticia,
1119 3709 1704 3810 ceneamercenariisllrchiepi·

208 3833 225 3848 ·
249 3815 469 3904 ffloporum,
505 3811 590 3880 inde
618 3809 800 3904 aMajero
821 3809 1044 3906 Moguntino
1072 3806 1257 3899 nequead
1277 3805 1448 3884 insanos
1475 3810 1704 3890 balnearios?

250 3914 414 3998 Mirum,
440 3907 536 4000 quod
554 3909 647 3978 inter
666 3926 738 3982 100
757 3909 816 3980 illa
833 3907 1037 4000 'gravamina
1058 3926 1089 3978 a.
1103 3911 1219 3997 isan,
1246 3908 1315 3980 nec
1336 3911 1481 3984 unicum
1498 3914 1542 3986 ad
1559 3914 1705 3987 decreta
1846 3913 1852 3922 ’

205 4074 208 4080 .
255 4009 464 4086 Balileensia
486 4002 775 4102 provocaverit?
813 4003 1130 4094 Curecclesrastici
1150 4023 1222 4080 tres
1239 4005 1423 4082 Elediorea
1443 4011 1481 4112 'qn
1501 4010 1559 4086 sua
1579 4013 1705 4106 episto·

254 4112 296 4198 ‚la
325 4109 367 4194 ad
389 4108 496 4182 Rom.
521 4101 732 4178 Pontificem
764 4125 794 4178 a.
818 4110 911 4198 1673
946 4108 1053 4177 unice
1080 4122 1354 4196 conqueruntur
1380 4108 1426 4181 de
1452 4132 1528 4183 non
1555 4111 1700 4184 servato

255 4211 362 4306 patto
384 4204 759 4302 Aschaffenburgenli‚
792 4203 826 4274 dt
854 4203 996 4293 quidem
1024 4223 1094 4279 nec
1126 4208 1281 4279 verbulo
1307 4205 1355 4280 de
1381 4211 1703 4302 appellationibus,

255 4309 316 4383 sed
340 4325 477 4384 tanturn
500 4305 824 4392 deeleilionibus,
866 4302 912 4373 de
934 4307 1101 4392 antiatis,
1138 4301 1185 4376 de
1205 4303 1403 4380 collatione
1423 4305 1703 4398 Beneficiorum,

255 4408 290 4488 dt
312 4409 475 4494 indulto,
501 4423 540 4476 ut
563 4411 758 4498 putabant,
782 4403 844 4476 stoi
867 4399 1021 4474 debito?
1046 4401 1186 4498 Curad
1207 4403 1301 4479 hane
1322 4423 1435 4492 usque
1454 4405 1548 4482 diem
1567 4410 1605 4481 in
1626 4411 1705 4483 nul·
1768 4457 1773 4464 -

145 4531 153 4546 ·
250 4509 287 4582 la
310 4505 577 4598 capitulatione
600 4501 744 4592 casarea
770 4504 909 4576 mentio
937 4497 1026 4574 latia
1050 4501 1096 4573 de
1117 4503 1372 4580 conservandis
1396 4501 1537 4597 imperii
1559 4509 1703 4599 juribus

240 4625 320 4698 ,per
334 4601 537 4678 Basileensia
554 4602 720 4692 decreta,
756 4617 796 4674 ut
812 4612 910 4674 nu'nc
925 4599 1178 4694 praetenditur,
1213 4597 1417 4694 acquilitiai
1457 4601 1643 4695 Numquid
1661 4611 1700 4681 in

255 4703 518 4778 Conventibua
531 4701 781 4774 eledioralibua
798 4691 965 4774 adversus
985 4719 1168 4774 romanam
1186 4694 1328 4776 Curiam
1350 4702 1544 4798 vigilarunt
1560 4703 1702 4778 Metro·
1829 4734 1834 4747 ³

241 4806 402 4896 ¹politani
419 4797 639 4874 Curialistaei
665 4799 850 4896 Numquid
873 4799 972 4888 haec,
998 4799 1023 4874 st
1048 4796 1268 4894 supponatur
1289 4798 1545 4890 dormitantia,
1569 4805 1606 4876 in
1625 4803 1702 4876 Ma·

116 5004 120 5015 Ι
187 4951 191 4956 -
249 4905 389 5000 juribus
409 4899 536 4977 nostrie
559 4901 793 5008 ignorantiam
814 4901 938 4997 prodit
962 4898 1110 4976 istorum
1121 4899 1278 4994 jurium,
1319 4922 1396 4996 quae
1415 4900 1702 5000 nunc'prinun,

914 4997 1041 5076 Uua
1179 5031 1322 5096 ,ιη
1616 5016 1654 5078 at
