3942 6134
173 1063 341 1180 -atJa
631 1074 1117 1142 m

228 1273 398 1370 „tionem
415 1263 585 1360 accipiat,
621 1251 717 1330 retle
732 1251 866 1330 babere
881 1249 994 1328 visum
1011 1245 1086 1342 est,
1127 1253 1170 1320 ut
1188 1244 1329 1342 singulis
1348 1248 1447 1324 anuis
1466 1250 1501 1324 in
1517 1258 1675 1346 unaqua.

231 1391 333 1470 „que
353 1361 550 1441 Provincia
569 1359 622 1431 bis
644 1360 688 1457 in
714 1372 811 1428 anno
832 1349 970 1444 synodi
999 1343 1108 1438 fiant,
1143 1359 1184 1419 ut
1213 1367 1294 1460 cum
1324 1345 1675 1449 omnesllsrpvipclae

232 1466 429 1567 ,Episcopi
453 1465 490 1534 ln
508 1453 673 1530 eumdem
694 1455 817 1527 locum
840 1447 1079 1524 communiter
1098 1452 1343 1534 conveniunt,
1384 1447 1558 1538 ejtumodi
1582 1473 1676 1542 quae.

82 1554 84 1565 .
233 1519 395 1663 ‚helenes
415 1558 685 1639 examinentur,
710 1551 806 1624 &stc
825 1569 917 1640 quot
933 1543 1149 1639 Episcopum
1171 1541 1358 1618 offendisse
1381 1543 1600 1640 constiterit,
1624 1542 1683 1641 ju..

233 1663 314 1762 „ste
335 1659 404 1736 else
425 1677 445 1730 a
466 1649 746 1748 congregatione
767 1647 914 1740 separati
934 1642 1029 1736 apud
1053 1665 1178 1718 omnes
1205 1641 1414 1733 videantur,
1455 1643 1572 1718 donec
1594 1646 1677 1741 Epi.

235 1762 453 1859 „scoporum
472 1748 743 1846 congregationi
758 1743 925 1831 videatur
944 1761 1012 1836 pro
1031 1743 1073 1814 iis
1094 1743 1340 1814 humaniorem
1360 1742 1524 1836 proferre
1540 1745 1676 1821 senten·

169 1856 180 1866 .
234 1861 366 1936 ‘fimf‘
418 1849 632 1929 Incredibile
657 1845 729 1936 este
766 1857 939 1937 quantum
964 1839 1239 1940 Anti-'Romani
1265 1840 1433 1912 laborent
1458 1841 1502 1914 ad
1530 1847 1684 1917 conclu,

211 1959 397 2046 ·.s10nem,
436 1971 514 2046 que
535 1949 608 2022 hoc
626 1947 663 2022 in
688 1962 829 2018 conone
853 1960 929 2016 non
950 1959 970 2012 c
1006 1942 1180 2030 tinum,
1215 1936 1518 2026 extorquendam,
1547 1939 1681 2019 scilicet

228 2045 657 2152 ,Episcoporumsynodis
670 2042 730 2116 hic
747 2042 946 2118 ultimatum
963 1957 1116 2221 {green
1129 2033 1305 2130 judicium
1322 2036 1393 2112 line
1408 2037 1484 2116 ullo
1500 2037 1544 2116 cd
1560 2037 1678 2137 supreq
1710 2129 1719 2140 ἢ

200 2149 203 2153 ’
238 2176 333 2236 mam
350 2148 479 2230 sedem
495 2142 637 2225 recursu
648 2195 662 2237 ,
687 2158 749 2217 aut
766 2139 961 2239 appellatio
989 2150 1021 2256 e‘,

900 2353 1047 2472 §.n

381 2510 437 2584 At
453 2507 641 2580 enimvero
655 2496 843 2590 tranquilla
857 2509 980 2572 mente
995 2496 1093 2594 suine
1109 2513 1289 2572 canonem,
1300 2493 1527 2590 perpendens
1536 2493 1679 2596 sessor,

235 2619 350 2696 multa
379 2609 519 2682 videbit
544 2603 630 2702 buic
657 2599 831 2671 violentae
860 2595 1008 2672 torsoni
1087 2598 1232 2668 nnana·
1280 2613 1353 2668 tmo
1379 2595 1434 2670 Ex
1462 2599 1532 2690 ipsa
1558 2616 1679 2686 textus

236 2720 357 2792 littera
375 2715 544 2800 apparet,
568 2720 645 2792 non
666 2693 788 2770 hic'de
804 2690 1005 2786 judicandis
1022 2689 1089 2784 Epi
1105 2693 1226 2786 copia,
1253 2712 1371 2786 nequo
1390 2693 1436 2767 de
1458 2694 1577 2772 caussis
1594 2697 1680 2786 fidei

236 2813 314 2910 egi,
337 2805 397 2882 sed
417 2819 557 2874 tautum
572 2799 619 2870 de
640 2795 845 2871 criminibus
863 2787 1075 2865 inferiorum
1093 2788 1168 2894 stpe
1189 2812 1234 2866 ex
1254 2789 1383 2882 clero,
1410 2793 1484 2868 slve
1503 2817 1547 2872 ex
1564 2813 1688 2891 popu·

238 2916 307 3003 lo,
337 2903 423 2978 hinc
443 2895 633 2990 nequidem
652 2899 687 2967 de
707 2888 813 2988 ccuffis
831 2891 1016 2984 majorum.
1064 2887 1279 2973 Perlbsurdn
1296 2889 1347 2964 est
1365 2891 1514 2988 Dupinii
1537 2900 1680 2974 cavilla.
1719 2975 1723 2985 ¹

237 3013 319 3098 350,
350 3006 456 3077 etiam
478 2993 697 3089 episcopales
722 2986 851 3064 caussas
870 2988 930 3062 bic
948 2988 1188 3082 subintelligi,
1215 2993 1304 3082 quia
1323 2992 1360 3064 in
1381 2997 1682 3088 numeroplurali

237 3112 279 3184 ob
299 3104 455 3203 Episcopis
478 3097 646 3169 dicuntur
662 3088 849 3189 judicata,
889 3087 962 3180 boc
987 3083 1038 3160 est
1061 3087 1251 3178 aSynodo
1271 3087 1560 3185 Episcoporum,·
1599 3114 1682 3174 cum

240 3209 466 3282 clericorum
488 3193 720 3292 inferiorum,
748 3187 808 3260 vel
828 3185 1021 3262 Laicorum
1044 3183 1166 3260 caussae
1190 3200 1328 3267 tantum
1350 3193 1394 3264 ab
1418 3211 1491 3280 uuo
1501 3190 1683 3290 Episcopo

233 3303 388 3401 judicii
409 3292 683 3382 consueverint,
715 3285 809 3462 Fuaii
832 3307 921 3360 vero
947 3287 1103 3382 vulgaria
1126 3305 1205 3358 moe
1227 3279 1492 3366 sermonis'nou
1511 3289 1597 3364 esset
1619 3315 1682 3368 nu.

237 3422 378 3480 merum
396 3399 689 3477 indetermimtum,
729 3405 775 3458 eu
801 3387 973 3479 pluralem
998 3385 1087 3480 saepe
1108 3404 1175 3478 pro
1193 3374 1500 3472 determinato,seu
1522 3391 1689 3488 singulari·

240 3503 432 3585 adhibere,
466 3513 497 3578 e.
511 3513 543 3586 g.
564 3491 633 3562 dici
654 3482 745 3561 solet
759 3481 927 3578 Episcopi
948 3484 1021 3557 hoc
1041 3482 1206 3574 possunt,
1240 3487 1326 3556 loco
1348 3485 1500 3574 quilibet
1516 3487 1684 3582 saguinis

238 3599 439 3694 Episcopus
457 3590 531 3664 hoc
553 3584 683 3680 potest
733 3581 803 3654 Sed
828 3582 863 3656 ἃ
884 3581 948 3674 ipsi
963 3577 1105 3652 Nicaeni
1126 3577 1248 3652 Patres
1268 3579 1426 3672 expresse
1445 3583 1482 3654 in
1506 3603 1685 3668 contextu

240 3699 290 3774 de
301 3696 475 3791 singularis
496 3685 662 3780 Episcopi
684 3681 823 3775 judicio
848 3679 883 3752 se
906 3677 1007 3768 loqui
1022 3670 1268 3764 jmamfestant.
1320 3681 1378 3754 ado
1403 3676 1524 3754 Patres
1544 3681 1580 3754 id
1608 3700 1705 3769 tam,

239 3813 318 3871 tum
335 3785 637 3877 decreveruntdc
654 3785 822 3858 ordinariis
837 3776 1024 3849 criminum
1036 3770 1197 3865 judiciis:
1225 3791 1304 3854 cum
1322 3779 1419 3858 enim
1434 3780 1592 3860 inunius
1603 3783 1686 3879 Epi.

240 3893 362 3988 scopi,
398 3879 544 3966 forsitan
571 3881 724 3977 prisone
745 3875 883 3950 incitati
911 3871 1088 3949 sententia
1118 3869 1254 3948 firmam
1283 3895 1358 3950 non
1388 3899 1568 3972 ponerent
1597 3883 1684 3960 sidu·

242 4000 356 4081 epam,
376 3987 465 4062 hinc
476 3985 618 4080 singulis
634 3978 735 4053 annis
749 3974 1060 4056 convocationem
1069 3971 1297 4065 Synodorum
1314 3975 1614 4070 praescripserunt:
1639 3985 1685 4059 do

84 4053 94 4098 ⁵
239 4090 488 4169 animaduerto
515 4077 766 4174 appellationis
783 4072 922 4164 judicio
946 4093 969 4144 a
1003 4071 1134 4144 summa
1159 4071 1250 4144 Sede
1276 4073 1430 4150 ferendo
1457 4096 1527 4150 nec
1555 4085 1696 4161 verbu«

240 4195 317 4268 lum
332 4185 472 4260 Patres:
504 4177 702 4254 abstrahere
719 4188 864 4262 autem,
894 4173 955 4243 vel
974 4173 1296 4266 receperimus,
1328 4171 1490 4248 nondum
1514 4176 1564 4250 est
1583 4201 1695 4278 nega·-

239 4312 294 4381 re.
346 4293 414 4380 pilo
437 4277 625 4372 Postquam
645 4278 699 4350 bis
719 4295 782 4368 per
801 4272 955 4370 singulos
973 4289 1087 4344 annos
1107 4269 1277 4344 celebrari
1289 4275 1536 4366 provinciales
1546 4277 1683 4372 Synodl

149 4386 159 4400 '
242 4384 442 4472 cessarunt,
476 4377 642 4454 eumdem
663 4375 760 4447 hunc
777 4388 955 4445 cononem
976 4389 1024 4442 eo
1041 4367 1117 4464 ipso
1142 4367 1275 4470 dudunt
1297 4369 1435 4446 cessasse
1453 4375 1593 4448 necesse
1619 4379 1681 4454 est.

241 4505 302 4581 4¹⁰
324 4483 435 4584 Quod
459 4481 603 4552 demum
622 4473 841 4570 praecipuum
868 4467 940 4560 est,
977 4469 1256 4562 appellationem
1277 4469 1322 4545 ad
1343 4470 1572 4568 apostolicum
1587 4473 1684 4558 Petri

245 4575 458 4662 Cathedram
477 4579 550 4652 boc
566 4591 708 4650 canone
728 4590 806 4645 non
833 4563 935 4641 fuisse
957 4563 1132 4640 exclusam
1145 4567 1277 4664 pofitioe
1297 4569 1446 4644 constat.
1497 4569 1627 4650 Pariim
1647 4577 1685 4650 id

244 4707 292 4763 ex
311 4705 360 4758 eo
374 4675 542 4774 apparet,
572 4677 655 4767 quia
669 4674 714 4744 ad
730 4670 947 4745 anteriorem
963 4661 1250 4758 Apostolorum,
1283 4683 1324 4739 ut
1345 4663 1540 4758 vocantfft,
1575 4695 1684 4749 cano·
1744 4660 1750 4677 '

238 4802 324 4861 nem
343 4783 391 4861 ibi
415 4774 619 4869 respicitur,
657 4773 717 4862 qui
739 4779 880 4842 tantum
901 4767 996 4842 inter
1014 4761 1211 4856 Episcopus
1239 4765 1452 4842 diversarum
1479 4768 1687 4850 Provincia·

97 4896 101 4903 ’
236 4905 301 4960 um
316 4885 411 4958 iuter
425 4873 627 4974 selaepuales
645 4871 786 4962 voluit,
812 4883 853 4944 ut
867 4883 999 4960 nempe
1018 4866 1062 4940 ab
1083 4883 1158 4941 uno
1171 4862 1353 4964 Episcopo
1390 4875 1683 4951 excommunica·

1409 4983 1640 5067 ···sli!

1433 5098 1437 5111 ¹
1543 5103 1572 5153 0

1580 5193 1610 5258 0
