3942 6134
307 1101 357 1180 1⁴
822 1107 1162 1150 *-

262 1265 319 1345 sio
340 1258 538 1340 institutum
557 1259 723 1349 turbant,
755 1259 790 1336 dt
811 1282 830 1335 a
848 1263 966 1355 capite
988 1263 1022 1338 se
1039 1259 1234 1356 separando
1255 1261 1291 1334 in
1313 1264 1495 1356 proprium
1512 1277 1623 1341 ruunt
1643 1269 1715 1346 exi·

259 1369 363 1442 tium.
414 1362 848 1456 Demembrisquiiusduur
867 1364 902 1436 id
921 1364 1027 1453 dico,
1059 1383 1137 1452 que
1151 1364 1256 1454 capiti
1271 1382 1489 1460 repugnant:
1513 1388 1709 1460 numquam

259 1467 354 1542 enim
374 1466 408 1540 irr
428 1463 591 1547 amnibus,
624 1457 682 1562 seu
704 1475 787 1536 totu
811 1465 847 1536 in
873 1484 1029 1556 corpore
1049 1460 1084 1532 id
1108 1461 1297 1558 continget
1315 1481 1359 1534 ex
1381 1460 1501 1538 divina
1520 1467 1715 1560 prumiffiu·

258 1585 328 1654 ue,
351 1582 441 1657 quae
457 1557 646 1636 Ecclul'ram
664 1564 907 1662 inseparabiliter
923 1562 986 1636 suu
1005 1559 1264 1651 fundamento,
1282 1561 1381 1654 quod
1399 1559 1608 1655 Petrusest,
1625 1588 1713 1643 con·

255 1661 412 1759 junctam
435 1659 542 1753 usque
559 1656 725 1734 adfinem
749 1663 871 1736 mundi
894 1659 1051 1735 stabilem
1076 1659 1315 1736 conservabit.
1381 1660 1430 1735 Tu
1449 1685 1479 1736 er
1502 1663 1641 1755 Petrus,
1667 1665 1714 1753 s?

248 1761 348 1865 fitptr
368 1766 447 1839 banc
471 1760 603 1837 Petrum
623 1759 779 1856 adipiscit
797 1759 962 1854 Ecclesiam
983 1783 1104 1849 meunt,
1130 1762 1175 1847 δ’
1194 1776 1293 1855 purte
1308 1758 1408 1850 inferi
1424 1785 1487 1836 nun
1495 1768 1714 1859 prevalebunt

217 1917 222 1930 .
256 1861 407 1959 aduersus
422 1885 501 1938 rum.
566 1857 622 1933 En
641 1859 885 1952 manifestam,
903 1858 937 1933 u
955 1859 1178 1935 infallibilem
1197 1881 1291 1931 verae
1313 1857 1478 1935 Ecclesrae
1493 1879 1617 1936 notam
1643 1884 1713 1962 ptq

255 1971 470 2066 perturbato
485 1961 676 2042 schismatis
696 1967 881 2060 tempore!
931 1953 1078 2048 Verttm
1101 1955 1150 2074 est
1173 1952 1304 2074 th'stt'
1326 1981 1484 2073 corpus,
1512 1957 1614 2074 quud
1628 1989 1711 2050 cum

258 2071 386 2186 capite
404 2071 526 2168 Ptlro
544 2064 786 2188 confusum.

400 2437 537 2518 Falsum
563 2453 681 2516 autem
701 2437 843 2535 insuper
865 2439 915 2515 eil
936 2441 1024 2514 illud
1045 2446 1140 2515 inter
1163 2436 1270 2516 seculi
1295 2439 1404 2517 nostri
1427 2436 1636 2518 canonistas
1660 2440 1713 2518 sat

253 2555 449 2620 commune
476 2542 740 2636 praejudicium,
778 2539 976 2635 Episcopus
1001 2542 1104 2615 nullu
1130 2563 1211 2616 cum
1239 2539 1457 2630 discrimine,
1499 2542 1556 2615 sed
1581 2541 1707 2617 eadem

281 2639 441 2716 otcslatis
467 2640 701 2732 amplitudine
725 2638 986 2734 Apostolorum
1010 2639 1080 2714 esse
1103 2637 1340 2718 Successores.
1400 2639 1508 2715 Haud
1530 2642 1580 2714 ita
1604 2639 1708 2714 saue!

249 2663 421 2836 Episcopi
440 2738 582 2831 quidem
597 2747 770 2834 generatim
784 2741 821 2814 in
842 2738 1045 2834 Apostolici
1060 2739 1233 2835 Corporis
1246 2743 1325 2838 jura
1346 2755 1524 2835 perpetuo
1540 2740 1710 2816 duratura

250 2837 515 2927 subintrarunt,
542 2859 618 2938 non
639 2855 757 2913 tamen
772 2839 888 2936 famuli
905 2843 941 2914 in
959 2841 1038 2934 jura
1051 2841 1278 2938 singulorum.
1328 2839 1434 2916 Hanc
1449 2863 1468 2913 a
1486 2838 1627 2914 Christo
1644 2859 1711 2935 po·
1825 2837 1829 2844 '

248 2937 416 3015 testatem
436 2936 605 3030 Apostoli
623 2937 821 3035 singillatim
846 2955 1084 3034 acceperunt,
1118 2955 1160 3015 ut
1178 2943 1326 3015 cuilibet
1346 2939 1404 3016 sua
1420 2937 1621 3034 jurisdislio'
1640 2957 1707 3033 pes

248 3043 377 3116 orbem
396 3036 653 3111 extenderetur
666 3037 889 3131 uniuersum,
925 3039 960 3112 id
976 3039 1075 3133 quod
1092 3047 1159 3135 pru
1180 3043 1353 3133 temporis
1369 3043 1463 3114 illius
1481 3035 1706 3112 circumstan-

248 3141 309 3214 tiis
330 3135 559 3212 necesarium
581 3135 698 3211 suerat
717 3137 855 3214 mundo
876 3139 1038 3214 nondum
1056 3141 1101 3213 ad
1118 3135 1225 3216 fidem
1249 3135 1376 3214 Christi
1392 3135 1598 3226 converso,
1645 3135 1705 3210 sed

123 3331 137 3376 ·
276 3257 510 3428 istest
526 3238 1153 3430 tressisve?tatuti-
1168 3233 1709 3426 siesslsrtslrls

248 3437 311 3512 ubi
328 3434 434 3508 semel
456 3433 580 3507 ercliae
595 3449 719 3524 eraut,
746 3429 941 3524 Reilores,
966 3432 1026 3508 seu
1047 3431 1246 3528 Episcopus
1268 3437 1313 3505 ab
1327 3429 1513 3524 Apostolis
1533 3430 1706 3505 constitu·

248 3549 309 3608 tus
321 3537 392 3628 Jam
413 3551 501 3607 tunc
516 3531 686 3608 transfusa
704 3551 781 3607 nun
797 3531 884 3606 suit:
917 3528 1087 3625 Apostoli
1104 3533 1296 3604 enimcum
1315 3528 1476 3627 affignata
1496 3531 1608 3627 gregis
1626 3553 1705 3623 pur·

139 3665 144 3674 ·
248 3637 378 3723 tione,
407 3633 524 3726 licque
543 3629 731 3706 constrista
755 3631 823 3721 lam
847 3632 1027 3727 regiminis
1044 3628 1221 3724 potestate
1239 3629 1440 3725 Episcopus
1460 3628 1703 3722 instituerunt,

246 3737 302 3811 uti
321 3733 355 3806 S.
367 3731 482 3806 Paulis
498 3731 596 3806 suum
613 3730 823 3825 discipulum
834 3726 960 3803 Titum
981 3726 1099 3803 Cretae
1111 3732 1274 3824 reliquit,
1300 3725 1377 3803 Tit.
1394 3729 1422 3801 l.
1475 3728 1590 3802 Etiam
1605 3728 1706 3820 Apu·

247 3835 315 3910 cal.
337 3830 365 3906 1.
384 3834 533 3928 legimus
550 3830 586 3903 in
603 3828 737 3924 septem
755 3826 928 3902 Ecclesiae
951 3826 1034 3902 Aba
1090 3829 1192 3914 suisse
1213 3828 1383 3921 divisam,
1417 3827 1602 3923 &septem
1623 3827 1704 3922 Epi·

127 4017 131 4024 ,
245 3931 393 4027 scupis,
431 3930 489 4004 seu
515 3928 665 4024 Angelis
689 3925 787 4002 suum
813 3927 944 4022 cuique
967 3926 1081 4003 cande
1097 3935 1220 4004 ebrum
1245 3927 1505 4003 concreditum.
1567 3923 1703 4018 Neque

246 4028 367 4125 quoad
382 4029 524 4124 suljtilu
540 4041 703 4118 tantum,
741 4047 868 4101 verum
888 4030 995 4102 etlam
1017 4028 1136 4120 quoad
1153 4033 1269 4127 alieba
1285 4033 1329 4103 ab
1345 4023 1530 4123 Apusiulis
1548 4023 1703 4103 relinitis

244 4129 316 4207 suit
333 4127 596 4223 particularium
619 4123 820 4218 Pastorum,
847 4147 939 4220 quus
956 4125 1200 4217 instituerant,
1227 4125 1394 4222 poteslas.
1447 4125 1506 4212 Sic
1518 4122 1611 4218 apud
1631 4121 1703 4198 Cu·

243 4230 400 4308 aiutlsius
417 4223 634 4320 disciplinam
651 4226 817 4301 ordinare
838 4225 899 4301 fibi
920 4228 983 4323 ipss
1005 4225 1133 4303 Paulus
1150 4226 1413 4301 reservaverat:
1462 4227 1598 4311 Cetera,
1629 4245 1703 4298 runt

128 4373 150 4410 1.·.
212 4343 214 4347 '
242 4353 381 4416 uuvru,
406 4326 580 4422 Alpinum,
609 4346 640 4400 r.
660 4322 824 4401 Cor.X1.
882 4324 1085 4402 Hiucsalso
1102 4330 1267 4402 laborant
1285 4321 1517 4420 prejudicio,
1547 4324 1629 4415 qui,
1655 4336 1700 4395 ut

242 4431 341 4508 illam
357 4423 641 4520 Apostolorum,
674 4427 723 4501 ita
738 4425 831 4502 hanc
855 4427 1114 4523 Episcopprum
1127 4423 1411 4521 iurisdiiiionem
1430 4445 1529 4516 aeque
1546 4421 1700 4496 illimita·
1836 4475 1840 4482 .

243 4543 317 4606 tam
335 4526 405 4602 effe
423 4527 483 4604 fibi
502 4525 725 4621 persuadent.
785 4527 858 4601 Sua
872 4529 1002 4619 cuique
1020 4525 1202 4622 Episcopo
1215 4521 1467 4616 jurisdidtiouis
1486 4523 1609 4619 portio
1627 4522 1698 4616 pri·

204 4699 206 4704 .
243 4631 352 4708 mirus
362 4645 423 4702 aut
432 4631 476 4703 ab
487 4623 858 4722 Apostoluquodam,
883 4639 945 4700 sut
961 4641 1069 4720 prout
1083 4647 1181 4702 nunc
1193 4624 1274 4699 sunt
1289 4623 1477 4720 Episcopi,
1496 4619 1619 4695 aPetri
1635 4619 1701 4692 Vi·

244 4732 355 4818 cario,
373 4725 482 4818 idest,
499 4725 668 4801 Romano
683 4723 860 4800 Pontifice
874 4724 944 4799 suit
962 4724 1138 4801 concessa.
1160 4723 1222 4800 illa
1233 4724 1340 4821 igitur
1351 4721 1554 4816 apostolicae
1567 4713 1698 4791 Millio·

144 4827 146 4832 ’
243 4827 299 4902 nis
322 4825 542 4918 amplissima,
579 4839 687 4917 atque
709 4827 884 4900 illimitata
903 4823 1106 4918 jurisdiiiiu
1120 4826 1327 4916 neutiquam
1347 4822 1384 4894 iu
1408 4818 1606 4913 Episcopus
1629 4838 1697 4889 nu·

243 4921 337 5050 sirus
354 4925 509 5018 uaubit,
535 4929 668 5024 quippe
687 4947 769 5004 cum
786 4926 876 5002 uuili
892 4926 967 5021 jam
983 4927 1132 5074 illorum
1154 4928 1226 5076 saut
1238 4918 1513 5022 iuApostulatu
1527 4915 1697 5096 luctcgliu·
