3942 6134
857 1130 1352 1191 aaa·
1608 1100 1850 1210 κέ·

300 1264 1082 1377 documentorum'sal'sdlicetinscriptorumi
1108 1242 1313 1361 Hocineiim
1323 1286 1506 1365 discrimen
1518 1287 1613 1363 inter
1623 1272 1732 1364 natio·

299 1412 386 1480 ren,
403 1388 436 1462 δι
455 1392 661 1476 coitionem,
681 1404 783 1475 quam
800 1385 938 1474 optime
956 1383 1096 1469 notari,
1112 1378 1339 1477 aitiffimeque
1354 1389 1525 1480 imprimi:
1549 1406 1617 1483 ego
1634 1390 1730 1465 enim

298 1490 411 1583 paulo
428 1482 506 1578 post
525 1480 774 1559 demonstrabo
790 1477 960 1553 ludorum
970 1530 983 1568 ,
1005 1481 1162 1571 quisquis
1177 1477 1305 1569 suerit,
1322 1482 1563 1559 Decretelium
1578 1486 1732 1577 illarum.

189 1664 203 1677 ⁶
298 1582 432 1695 etiams
448 1580 667 1679 spuriarum,
686 1598 762 1657 non
779 1578 966 1655 authorem
984 1574 1108 1669 fuisse,
1120 1573 1182 1651 sed
1197 1591 1335 1657 tantum
1347 1579 1589 1659 colleiiorem.

953 1778 1074 1895 §.20

440 1926 677 2002 Priuetamen
700 1920 856 2021 genereii
875 1922 1025 2013 quedam
1042 1919 1296 1999 observatione
1315 1921 1498 2001 ostendam
1517 1939 1642 2004 vetera
1663 1928 1728 2005 cio·

293 2040 461 2103 tumenta
472 2026 562 2119 serpe
575 2023 724 2115 feifitetie
739 2034 862 2095 notam
879 2024 1029 2108 mereri,
1044 2019 1207 2096 nondum
1220 2042 1311 2095 vero
1328 2039 1519 2118 propterea
1524 2025 1657 2114 seeretis
1665 2028 1727 2102 vei

295 2130 487 2221 deceptionis.
515 2120 680 2195 Profetio
693 2118 717 2193 st
730 2120 916 2209 tranquilia
930 2131 1073 2209 mente,
1089 2121 1241 2212 partium
1253 2117 1370 2194 studio
1381 2142 1457 2196 non
1469 2125 1636 2217 abrepta,
1651 2126 1728 2199 nui·

291 2224 402 2315 loque
416 2224 505 2294 odio
517 2232 696 2293 excecata
708 2222 745 2291 in
760 2218 820 2289 iiia
835 2214 1028 2309 priscorum
1043 2231 1208 2313 tempora
1220 2216 1432 2306 descendat,
1444 2220 1505 2293 ubi
1518 2234 1594 2292 arte
1606 2226 1728 2314 typica

292 2320 457 2395 nondum
465 2316 638 2393 existente
649 2316 783 2390 rariora
793 2313 939 2387 fuerunt
950 2316 1166 2407 exemplaria
1175 2317 1430 2410 manuscripta,
1443 2336 1556 2406 eaque
1568 2337 1643 2391 non
1652 2335 1727 2393 tarn

293 2412 438 2507 exasie',
454 2437 558 2511 quam
572 2428 615 2489 ut
625 2412 735 2488 hodie
746 2410 809 2500 iit,
825 2410 870 2485 ad
885 2412 991 2487 unius
1002 2412 1236 2509 authographi
1247 2413 1398 2492 sormam
1411 2412 1568 2503 redatlaa
1584 2417 1645 2489 ubi
1656 2417 1728 2509 pete
1788 2480 1797 2491 .

292 2513 382 2589 stina
398 2528 633 2589 monumenta
648 2530 728 2585 raro
741 2514 897 2605 integra,
917 2508 976 2584 sed
991 2509 1146 2585 diversae
1161 2513 1199 2585 in
1211 2511 1356 2585 lacinirr
1371 2512 1460 2609 sepe
1470 2512 1541 2605 jam
1555 2511 1727 2605 cinnae,

292 2616 353 2687 vei
375 2612 446 2688 fine
460 2615 536 2686 ullo
549 2610 708 2685 authoris
720 2608 889 2693 nomine,
908 2609 968 2677 vei
981 2608 1120 2681 mixtim
1131 2628 1212 2707 eum
1223 2609 1348 2682 alienia
1358 2608 1461 2683 suere
1472 2611 1642 2699 inventu
1662 2612 1726 2685 ubi

291 2709 553 2785 amanuensium
570 2704 708 2801 oppido
724 2704 969 2795 imperitorum
988 2702 1065 2777 fere
1082 2705 1188 2777 unica
1203 2725 1288 2779 eura
1305 2705 1393 2796 fuit,
1409 2704 1581 2799 qurdqmd
1595 2710 1726 2785 alicubi
1789 2784 1793 2791 ,

236 2828 244 2835 ·
290 2800 503 2896 inventum,
529 2806 588 2877 vel
610 2798 812 2877 ieviffimam
835 2802 885 2871 ob
901 2798 1163 2871 similitudinem
1181 2802 1447 2893 abequejudieii
1461 2802 1726 2885 discretionem
1830 2857 1835 2871 .

290 2924 400 2981 unum
416 2898 649 2985 comedendi3
669 2894 839 2989 quodque
856 2912 966 2979 unum
983 2914 1028 2966 ex
1048 2896 1235 2987 praecipuit
1249 2892 1319 2986 est,
1338 2900 1400 2971 ubi
1422 2898 1601 2974 doffloree
1615 2906 1724 2982 etiam
1745 2960 1764 2968 -

295 3016 462 3078 veterum
472 2999 690 3075 documenta
706 2992 917 3103 colligentes
931 2988 1021 3105 sepe
1028 2990 1124 3105 ‘nihii
1133 2994 1250 3067 minue
1261 2994 1484 3090 cogitarunt,
1500 3018 1605 3088 quarn
1622 3004 1726 3093 pole-

289 3104 603 3271 iiiiiiiiit
620 3088 1725 3271 “iiiitiisiiiii“iiiiiiii‘iittttiiiiiit

288 3241 633 3385 intentisquidquiei
661 3283 704 3359 ad
729 3237 1234 3389 edificationem’pertineret,
1259 3284 1320 3365 seu
1341 3308 1387 3361 er
1402 3291 1575 3383 propriir,
1593 3288 1654 3363 seu
1672 3313 1722 3369 ex
1748 3344 1755 3359 ,

288 3396 432 3481 alienia,
452 3406 523 3464 tem
537 3391 573 3462 in
587 3398 784 3471 contextu,
801 3394 905 3475 quam
920 3382 957 3453 in
975 3384 1071 3456 notia
1089 3404 1133 3457 er
1151 3384 1359 3479 marginem
1375 3386 1486 3481 ipsum
1501 3402 1640 3463 textum
1655 3410 1721 3483 po·

283 3490 355 3567 stea
370 3490 545 3564 translatis
564 3482 785 3570 interserere,
808 3493 914 3571 atque
936 3482 1043 3553 etiam
1059 3500 1175 3555 novas
1190 3502 1302 3555 voces
1316 3505 1384 3577 pro
1396 3488 1587 3577 antiquatis
1601 3484 1720 3561 substi-
1799 3543 1802 3548 <

289 3602 413 3679 tuere,
429 3590 545 3661 verbo
559 3582 776 3657 documenta
789 3592 913 3651 vetera
929 3579 996 3651 suia
1012 3580 1255 3674 temporibus,
1271 3582 1501 3676 moribuaque
1517 3604 1719 3661 recommu.

286 3690 370 3805 ciere
388 3682 529 3779 optimo
549 3680 715 3793 quidem,
737 3670 1081 3777 improvidotamen
1098 3678 1249 3752 consilio
1268 3679 1605 3797 haundubitarunm
1617 3683 1721 3796 nme,
1796 3786 1800 3791 ι

284 3772 1719 3971 stitutum{trististristis‚iiiiiiiiiiiitiitiiiiif
1797 3863 1801 3868 ·

283 3994 426 4055 manum
451 3972 522 4061 est,
546 3971 751 4058 neutiquam
778 3982 896 4039 tamen
921 3966 1095 4059 sequitur,
1118 3974 1219 4046 malie
1241 3976 1374 4047 artibua
1398 3976 1452 4048 an*
1464 3974 1715 4067 decipiendum

287 4076 355 4151 esse
372 4074 551 4148 fabricata.
600 4065 718 4149 Seruii
735 4061 844 4137 nostri
861 4060 1092 4141 Tolerantia!
1120 4071 1181 4144 ubi
1201 4067 1265 4143 est
1290 4084 1329 4145 te
1344 4074 1382 4146 in
1397 4072 1634 4167 patrocinium
1649 4089 1715 4143 no·

285 4173 436 4249 sirorum
452 4164 685 4243 Decefforum
707 4162 863 4235 invoco!
890 4158 1029 4237 Nonne
1040 4166 1077 4239 in
1091 4164 1341 4243 Novatoribue
1355 4168 1482 4243 nostrie
1498 4171 1717 4261 iongeaper·

286 4276 398 4345 tiores
413 4268 600 4355 falsitates,
623 4264 736 4337 dicem
756 4256 985 4357 imposturas,
1009 4276 1049 4341 tu
1063 4267 1217 4359 toleror,
1237 4264 1401 4359 excusat,
1420 4263 1561 4357 laudm,
1581 4267 1715 4361 ample·
1758 4316 1766 4335 .

283 4368 407 4502 cteris,
426 4364 459 4441 ἅ
478 4358 685 4459 sequenti?

240 4739 249 4753 s
422 4684 507 4760 Huc
518 4682 792 4783 accediaretur
806 4538 1078 4772 deiungntgm,
1094 4658 1157 4757 eir
1173 4703 1218 4757 er
1234 4680 1372 4779 indiciis
1386 4680 1470 4755 ertit
1486 4680 1618 4755 critice
1633 4680 1718 4756 non'

282 4786 463 4863 imnerico
483 4784 665 4857 censeatur
682 4784 948 4876 interpolationis,
971 4782 1159 4853 autetiam
1180 4780 1397 4879 suppefitienit
1416 4780 1509 4853 vitio
1528 4780 1711 4869 laborare,

283 4879 447 4963 'trundum
460 4898 580 4959 tamen
597 4899 642 4955 eo
657 4878 734 4975 ipso
744 4879 817 4973 jam
828 4874 1433 5069 anks2²k⁸¹3t¹²⁰¹¹‘⁸‘⁹9¹⁰¹ffl⁰⁹
1449 4890 1511 4952 aut
1523 4878 1715 5069 inmen-
