3942 6134
458 857 474 898 t

329 1045 378 1130 po
537 1083 539 1088 -
776 1064 1175 1112 m

858 1221 871 1264 ·“
927 1201 1030 1336 in·

177 1332 182 1342 ’
248 1373 254 1406 ²
318 1391 321 1404 ·
391 1357 524 1440 Frater
548 1345 933 1442 Concilii.universalis
959 1363 1145 1439 decretum
1176 1315 1295 1458 plures
1322 1358 1494 1438 habemus
1522 1332 1696 1458 expressas

191 1517 222 1530 ..
249 1459 466 1539 summorum
489 1463 1022 1554 Pontificum'constitutiones,
1048 1485 1088 1538 ac
1109 1461 1360 1553 definitiones,
1397 1461 1594 1556 &quidem
1615 1465 1702 1553 quin

71 1619 73 1626 .
138 1628 142 1638 ,
249 1577 409 1664 repetam
426 1567 497 1656 jem
521 1563 621 1659 supra
644 1569 792 1662 allegata
809 1563 956 1656 Juliil,
974 1563 1224 1653 Innocentiil,
1260 1561 1442 1652 Leonisl,
1478 1565 1700 1652 aliorumque

139 1683 143 1693 ’
247 1671 297 1736 ‘ex
324 1667 560 1758 antiquitate,
586 1686 688 1757 quam
713 1679 849 1740 vocant
872 1665 1139 1757 incorruptam,
1167 1661 1381 1739 Pontificum
1403 1663 1598 1754 rescripta,
1625 1661 1699 1751 qui·

252 1766 318 1838 bus
345 1761 592 1854 declararunt,
624 1765 778 1857 majores
808 1761 940 1836 caussas
968 1764 1172 1860 apostolicae
1194 1763 1295 1838 Sedis
1312 1761 1457 1855 ‘judicio
1486 1759 1556 1836 else
1583 1759 1730 1861 termis

253 1863 407 1960 mandes,
447 1879 554 1958 atque
569 1862 614 1936 ad
632 1862 740 1941 finem
763 1861 1029 1958 perducendam
1065 1861 1223 1938 Gelasiua
1240 1862 1275 1935 P.
1295 1861 1475 1938 SeculoV
1494 1861 1704 1957 appellatio·

255 1978 319 2036 nes
338 1963 381 2034 ad
399 1962 673 2057 quodcumque,
699 1964 806 2040 etiam
825 1965 991 2060 generale
1009 1960 1214 2038 Concilium
1231 1963 1429 2062 illegitimas
1448 1957 1540 2052 effe,
1567 1961 1600 2034 dr
1621 1981 1703 2055 pro·

216 2135 219 2154 ,
254 2061 391 2134 trinitas
406 2059 584 2136 clariffime
601 2059 720 2137 scribit
738 2067 795 2150 '):
821 2060 932 2153 „Nec
953 2078 1155 2147 taceamus,
1181 2061 1280 2156 quod
1304 2061 1429 2135 cunila
1449 2083 1512 2155 per
1531 2059 1705 2135 mundum

257 2165 393 2255 „nouit
415 2159 589 2252 Ecclesia,
615 2165 784 2258 quoniam
809 2164 1053 2254 quorumlibet
1076 2160 1260 2254 sententiis
1282 2163 1389 2256 ligata
1412 2157 1627 2233 Pontificum
1647 2157 1708 2232 Se·

258 2261 351 2354 „dea
374 2260 413 2335 B.
426 2256 518 2336 Petri
542 2261 707 2358 Apostoli
726 2263 783 2357 ius
806 2262 935 2336 habeat
955 2261 1186 2353 resolvendi,
1213 2275 1344 2355 utpote
1366 2279 1444 2352 quae
1462 2259 1507 2332 de
1529 2255 1705 2333 omniEc·
1765 2279 1771 2290 ·

259 2360 392 2452 „clesra
410 2357 461 2435 sas
478 2362 606 2435 hebeat
619 2360 831 2455 judicandi,
856 2389 858 2396 ’
881 2381 1000 2454 neque
1018 2364 1182 2455 cuiquam
1200 2360 1245 2434 de
1264 2360 1340 2450 eius
1358 2361 1464 2432 liceat
1478 2358 1639 2450 judicare
1654 2360 1707 2450 ju-

261 2461 410 2554 „dicio,
462 2459 633 2554 siquidem
642 2461 700 2550 :ed
717 2463 810 2535 illam
829 2460 874 2533 de
892 2463 1053 2555 qualibet
1074 2460 1197 2535 mundi
1218 2471 1319 2553 parte
1335 2457 1504 2532 Canones
1524 2460 1708 2532 voluerint

262 2561 475 2652 „appellari
503 2563 547 2631 ab
567 2562 627 2632 illa
652 2578 771 2632 autem
798 2580 907 2630 nemo
930 2562 973 2633 srt
996 2556 1176 2653 appellare
1200 2556 1424 2651 permissus.“
1437 2608 1440 2613 <
1474 2557 1708 2655 Anteannos

262 2660 362 2734 mille
381 2669 566 2734 trecentos
585 2653 753 2756 Pontifex
771 2654 930 2729 Gelasrus
952 2656 996 2730 ad
1013 2655 1212 2751 Episcopus
1232 2655 1386 2731 scribens
1405 2654 1577 2745 testatur,
1609 2647 1709 2750 quod

147 2793 160 2846 ,-
264 2755 391 2831 cundia
412 2776 475 2850 per
495 2757 621 2828 orbem
640 2753 793 2828 Ecclefia
817 2757 986 2844 noverit,
1014 2755 1246 2848 apostolicam
1268 2755 1361 2828 Petri
1379 2753 1508 2829 Sedena
1529 2760 1606 2846 jure
1627 2776 1710 2853 gau·
1765 2813 1772 2825 .

265 2855 352 2935 dete
375 2855 419 2926 de
440 2857 538 2929 omni
556 2853 711 2929 Ecclesia
728 2855 932 2946 judicandi,
959 2855 1004 2926 de
1021 2857 1097 2949 ejus
1118 2874 1237 2928 autem
1256 2853 1394 2945 iudicio
1414 2856 1547 2928 nemini
1570 2854 1622 2929 saa
1642 2853 1711 2930 elio

262 2953 442 3051 judicare:
468 2953 662 3029 hodiernus
680 2975 770 3026 vero
788 2951 988 3028 Febronius
1006 2953 1170 3031 audadier
1187 2951 1353 3047 Pontifici
1361 2951 1606 3046 antiquiffimo
1627 2976 1712 3029 oon·

195 3123 226 3138 ,,
267 3048 446 3128 tradicens
470 3047 585 3128 asserit
610 3057 889 3146 appeliationem
913 3053 1044 3149 aPapa
1064 3053 1108 3127 ad
1126 3056 1299 3150 generale
1316 3051 1521 3139 Concilium
1545 3057 1713 3128 omnibus

262 3156 393 3230 seculis
415 3172 482 3247 pro
499 3155 654 3249 legitima
674 3151 783 3229 luisse¹
796 3153 960 3248 agnitam.
1019 3152 1116 3228 Uter·
1130 3154 1260 3228 horum
1279 3149 1387 3226 fidem
1408 3150 1618 3226 meretur‘li
1652 3151 1714 3226 Ad

196 3339 201 3352 N
267 3257 392 3352 inepte
407 3253 437 3332 F
437 3251 578 3334 ebrouii
599 3255 764 3356 exempla
784 3251 1051 3352 responsionem
1071 3253 1156 3328 vide
1177 3255 1214 3329 in
1229 3252 1454 3347 Antifeirmr‘o
1470 3255 1630 3330 vindicato
1645 3254 1713 3352 9⁸).

417 3574 510 3650 Illud
527 3575 728 3654 Bonifaeiil
750 3577 793 3650 ad
810 3574 945 3650 Rufum
965 3563 1334 3666 Thessalonicensem:
1360 3581 1552 3676 numquam,
1566 3581 1659 3655 iuuit
1679 3579 1716 3656 de

270 3699 305 3754 oo
324 3676 449 3776 rurfitm
459 3729 471 3765 ‚
497 3681 578 3771 quod
586 3677 685 3769 simei
694 3676 852 3768 fimorum
870 3679 912 3769 esi
932 3681 971 3749 nb
990 3679 1257 3772 aposlolicaSede,
1276 3681 1409 3754 crustati
1415 3733 1427 3767 ,
1455 3679 1524 3754 fult
1543 3680 1580 3751 in
1602 3686 1718 3756 rotua-

271 3797 323 3854 uo
345 3777 378 3850 ll
389 3778 556 3865 concilio
573 3778 766 3870 repetitum
782 3779 879 3869 ἨΜ).
929 3773 1030 3848 Sicut
1044 3777 1152 3851 etiam
1168 3799 1188 3849 a
1204 3775 1388 3853 Nicolaol
1407 3775 1481 3852 hoc
1497 3781 1647 3853 aiterum
1666 3798 1713 3854 ex

272 3875 403 3951 eodem
417 3874 607 3948 Bonifacio
624 3876 840 3950 desumtum:
864 3875 968 3949 Nemo
985 3899 1134 3972 umquam
1148 3878 1307 3974 apostolico
1327 3881 1485 3967 (heimini,
1511 3879 1547 3951 de
1561 3881 1652 3975 cnjus
1660 3881 1715 3974 jo·

273 3979 351 4052 dicio
370 3999 431 4050 non
453 3979 732 4060 licetretraslari,
766 3996 879 4048 manns
901 3975 1011 4048 obuios
1032 3979 1177 4051 muana
1201 3979 1329 4069 intulit,
1360 4001 1449 4052 nemo
1469 3985 1503 4053 in
1519 3981 1573 4052 loc
1593 3979 1715 4052 rebellis

273 4071 1435 4270 illinistillllll‘lldshslilh'instilis
1452 4075 1714 4273 illisue
1819 4102 1821 4109 '

1150 4229 1162 4265 5
1444 4229 1457 4266 5
1701 4225 1716 4268 1

191 4329 201 4338 .
275 4273 454 4349 Gersonio
472 4269 687 4346 Constantiae
711 4283 852 4363 a.141.8
878 4276 914 4346 in
942 4275 1090 4367 publico
1113 4275 1146 4348 dt
1167 4278 1324 4371 generali
1343 4274 1562 4352 Conlistorio
1578 4273 1716 4350 Bullam

275 4373 401 4460 edidit,
427 4376 464 4446 in
484 4393 551 4462 qua
570 4373 647 4448 hec
668 4377 968 4449 continebantur:
991 4373 1124 4466 „Nulli
1146 4373 1198 4447 fae
1219 4371 1270 4448 est
1289 4378 1488 4470 asupremo
1506 4372 1643 4468 judice,
1668 4375 1719 4448 vi·

274 4472 437 4566 „delicet
460 4471 656 4564 apostolica
677 4471 790 4565 Sede,
826 4472 885 4547 seu
907 4467 1060 4550 romano
1081 4471 1281 4564 Pontifice,
1319 4475 1401 4568 Jenr
1422 4473 1548 4550 Christi
1566 4475 1716 4550 Vicario

274 4576 341 4668 „in
363 4572 470 4646 terris¹
487 4575 687 4667 appellare,
714 4589 775 4648 aut
795 4573 888 4652 illius
904 4575 1079 4668 judicium
1100 4570 1280 4658 incauffir
1304 4570 1411 4665 fidei,
1437 4595 1516 4673 quae
1531 4589 1717 4666 tamquam

274 4674 463 4766 „Maiores
486 4671 531 4744 ad
553 4673 679 4770 ipsum,
706 4671 881 4750 &sedern
903 4672 1134 4771 apostolicam
1156 4671 1360 4750 deferendae
1379 4673 1472 4767 sunt,
1497 4671 1720 4848 decligared‘

347 4794 350 4802 ⁴
1614 4791 1676 4848 um

277 4879 943 4901 mm*

355 4919 387 4992 ·)
409 4913 457 4972 aa
476 4911 600 4970 ouran.
620 4908 698 4982 uprt
814 4911 866 4990 ν’)
888 4907 978 4970 rom.
994 4928 1033 4989 4,
1052 4882 1168 4986 oenoe,
1183 4893 1241 4987 ie,
1261 4909 1375 4990 cano

206 5001 208 5008 ,
353 4991 389 5076 ξ)
410 4995 499 5068 Apud
512 4993 655 5073 Harduin,
668 4995 824 5070 T0m012,
845 4993 914 5063 Col,
927 5005 1019 5070 1125,
1141 5003 1220 5084 oeae)
1241 4997 1291 5069 Μ
1304 4995 1448 5062 Midmp·
1461 4965 1601 5071 Impenf.
1755 5054 1759 5058 Α
1901 4942 1902 5003 J
