3942 6134
101 1518 104 1625 i

1195 685 1210 724 b

1154 845 1206 878 sd

790 1045 1122 1118 m
1232 1033 1317 1078 ’·
1569 1075 1640 1156 259

481 1337 485 1340 -
925 1259 1001 1340 240

382 1387 474 1464 Satis
491 1385 635 1480 qnidam
653 1383 797 1462 illustria
816 1235 1069 1483 bacciniorum
1092 1365 1251 1481 quinqu'e
1273 1379 1472 1458 secutorum
1494 1383 1687 1462 documen·
1791 1445 1799 1468 ,

203 1492 206 1497 “
230 1505 266 1564 ta
287 1486 391 1579 sunt,
432 1509 509 1580 qua
527 1491 701 1584 generalem
724 1486 942 1581 dispensandi
968 1485 1181 1584 potestatem
1208 1503 1283 1558 non
1308 1503 1419 1576 penes
1443 1487 1686 1574 provinciales

101 1636 102 1673 r
229 1588 433 1688 Episcopus
450 1591 486 1662 iu
504 1579 653 1678 Synodo
670 1579 929 1689 congregatos,
964 1591 1080 1663 minus
1100 1605 1212 1682 penes
1232 1585 1420 1680 singulares
1440 1581 1540 1656 fuisse
1563 1601 1687 1660 conte·

225 1691 378 1765 stantur.
426 1686 574 1778 Restat,
613 1697 659 1761 ut
672 1689 804 1760 ultimo
822 1690 908 1760 loco
926 1692 963 1761 in
981 1687 1071 1762 sassa
1091 1677 1433 1778 historicaindagem
1454 1679 1498 1752 de
1518 1679 1688 1778 dispensa·
1739 1680 1742 1693 '

228 1791 394 1862 tionibus
400 1789 580 1883 specieiirer
600 1791 694 1862 circa
713 1788 932 1860 matrimonii
950 1787 1220 1882 impedimenta.
1271 1783 1395 1874 Atque
1414 1779 1489 1853 hoc
1511 1787 1688 1876 precipue

226 1893 320 1963 ioco
344 1908 426 1960 cunr
447 1885 587 1966 dosiiss.
602 1885 837 1967 Thomasiino
859 1887 968 1959 veiim
994 1885 1196 1974 observari,
1236 1877 1442 1956 eum-fuisse
1465 1885 1598 1955 veteris
1621 1881 1688 1958 Ec·

226 1987 345 2062 cleda
368 1985 549 2080 spiritum,
575 1999 642 2078 ut,
668 1988 692 2061 sr
712 2009 790 2078 qum
812 1985 957 2060 forsitan
970 1985 1150 2060 ‘darentur
1165 1980 1462 2080 dispensationes,
1488 2001 1538 2052 eae
1561 2001 1689 2058 omnes
1794 2078 1798 2086 a

226 2102 321 2161 tunc
352 2085 665 2175 concederentur,
701 2085 885 2185 postquam
909 2087 981 2180 jam
1014 2089 1051 2159 in
1082 2103 1240 2159 canones
1267 2097 1454 2175 peccatum
1486 2078 1615 2174 suerit,
1656 2083 1691 2156 δι

226 2182 376 2277 quando
398 2184 628 2277 emendatio,
661 2188 724 2258 aut
741 2207 846 2279 pona
868 2183 1062 2260 iusiuosror
1081 2182 1268 2272 Ecclesia,
1308 2197 1410 2272 quam
1433 2180 1543 2273 ipsum
1562 2185 1690 2276 'pecca-

225 2303 305 2360 tum
328 2281 399 2357 etse
422 2288 594 2386 pptuerit.
645 2287 760 2360 Sexto
780 2285 904 2360 secuto
927 2288 1078 2381 primum
1107 2283 1267 2357 occurrit
1290 2282 1492 2374 exemplum
1517 2280 1710 2386 dispensa-¹

222 2384 339 2459 tionis
367 2402 433 2477 pro
462 2382 624 2458 ineundo
652 2387 884 2459 matrimonio
913 2405 941 2458 a·
960 2384 996 2458 S.
1012 2381 1189 2460 Pontifiee
1215 2377 1393 2476 Gregorio
1412 2379 1467 2452 M.
1492 2381 1689 2460 concessae:
1783 2441 1786 2447 .

225 2490 351 2558 bonus
373 2484 468 2556 enim
485 2480 626 2575 Pastor,
650 2507 698 2558 ne
714 2485 920 2581 Angiorum
942 2497 1089 2580 gentem
1108 2483 1257 2559 nouiter
1279 2480 1323 2553 ad
1344 2477 1450 2552 fidem
1474 2483 1687 2556 conversam

223 2583 331 2660 nimii
354 2585 482 2677 rigoris
508 2599 608 2656 metu
634 2585 734 2658 avia
759 2583 1135 2674 interamnanam,
1177 2586 1273 2676 leges
1301 2577 1549 2653 ecclesiasticas
1572 2584 1689 2655 matri·

226 2682 347 2760 monii
367 2683 576 2780 mitigandas
597 2685 754 2775 censuit,
792 2684 827 2757 ἅ
853 2685 909 2758 iac
929 2683 1046 2758 adhuc
1068 2683 1225 2778 parvusis
1249 2678 1426 2768 dandum,
1467 2699 1580 2770 usque
1605 2681 1690 2758 dum

226 2783 409 2877 temporis
422 2778 614 2877 progressu
636 2785 814 2858 solidioris
837 2786 907 2856 cibi
928 2781 1058 2856 fierent
1080 2799 1251 2882 capaces:
1277 2779 1362 2852 hinc
1380 2781 1415 2852 in
1438 2777 1534 2852 sexta
1554 2780 1596 2852 ad
1616 2779 1691 2854 Au·

222 2879 407 2982 gustinum
427 2881 658 2975 responsione
673 2881 947 2959 Neocouversrs
965 2883 1069 2956 hisce
1089 2883 1133 2956 ad
1162 2879 1439 2968 tertiumuaque
1462 2881 1689 2972 cognationis

224 2977 379 3080 madum
405 2978 631 3076 dispensavit.
704 2983 810 3058 Hanc
834 2981 966 3055 sextam
993 2979 1158 3079 Gregorii
1188 2977 1452 3071 responsionem
1479 2975 1690 3072 Mogontini

223 3077 409 3156 Censores
432 3081 583 3171 menstrui
607 3083 645 3154 in
672 3078 962 3176 suopontificiae
985 3081 1096 3156 Bulla
1125 3082 1168 3156 ad
1192 3077 1333 3154 Rvdiss.
1361 3077 1530 3168 Archiep.
1556 3074 1690 3152 Colon'.
1804 3113 1810 3126 ·

225 3176 402 3252 examine
425 3179 466 3271 ⁸)
491 3177 634 3265 nescio,
658 3201 704 3252 an
725 3201 792 3273 per
813 3182 1072 3274 ignorantiam,
1097 3202 1142 3256 an
1161 3183 1251 3255 maia
1269 3162 1340 3249 fide
1361 3177 1591 3252 commiscent
1610 3182 1693 3252 cum

223 3273 403 3368 septima,
438 3294 505 3367 qua
523 3272 693 3350 Pontifex
709 3290 849 3352 tantum
866 3278 932 3372 'per
950 3281 1177 3354 tolerantiam
1197 3277 1423 3354 matrimonia
1442 3277 1547 3349 etiam
1566 3277 1602 3350 in
1620 3297 1694 3373 gra·

224 3375 340 3448 dibus
358 3372 440 3465 jure
461 3373 589 3447 divino
613 3376 802 3468 prohibitis
822 3378 893 3470 jnm
920 3377 1101 3452 contraiia
1124 3381 1173 3452 ita
1198 3384 1278 3455 vuit
1300 3376 1479 3470 permitti,
1507 3393 1547 3448 ut
1568 3378 1693 3470 conju·

223 3493 294 3570 ges
315 3479 793 3566 propterea,eornrnonione
814 3477 928 3551 santia
949 3498 1024 3551 non
1049 3480 1257 3571 priventur,
1297 3475 1354 3550 sed
1377 3496 1441 3568 per
1456 3475 1692 3552 Sacerdotum

225 3569 505 3647 instruiiionem-
524 3590 625 3647 metu
652 3575 767 3652 divini
788 3575 913 3671 judicii
939 3578 984 3650 ad
1014 3576 1244 3672 spontaneam
1272 3575 1531 3667 separationem
1557 3575 1695 3668 persua·
1760 3657 1764 3665 ,
1848 3537 1853 3550 ’

226 3673 396 3746 deantur.
450 3669 567 3762 Huic,
601 3675 768 3768 inquam,
801 3677 953 3770 septimo
971 3673 1155 3752 Pontinus
1180 3677 1369 3769 responsu,
1402 3675 1500 3766 quod
1522 3696 1597 3750 non
1619 3677 1693 3768 jam

224 3771 320 3866 legia
341 3767 575 3861 dispensatio,
607 3772 666 3848 sed
683 3775 764 3850 iasii
782 3779 897 3851 itiiciti
915 3778 1108 3852 tolerantia
1126 3776 1197 3866 est,
1230 3775 1439 3872 Mogontini
1457 3777 1572 3864 aliud,
1608 3795 1695 3867 quo·

130 3931 135 3940 ,
224 3867 426 3942 dammodo
461 3866 572 3942 srmiie
601 3891 798 3963 opponunt
829 3875 1090 3968 Episcoporum
1122 3880 1159 3950 in
1187 3875 1338 3968 Synodn
1364 3871 1609 3950 Aurelianensr
1648 3872 1694 3946 de

228 3991 262 4041 a.
277 3977 352 4059 538
374 3966 582 4058 decretum,
608 3972 753 4046 canexr
795 3973 883 4066 „De
901 3974 1042 4050 incestis
1069 3975 1382 4068 conjunstionibus
1403 3975 1473 4064 ita,
1513 3997 1591 4067 quae
1614 3971 1694 4046 sunt

228 4066 417 4160 „statuta,
449 4066 655 4158 seruentur,
680 4086 722 4143 ut
741 4071 800 4159 hi,
825 4075 885 4162 qui
910 4088 972 4146 aut
991 4075 1105 4148 modo
1125 4074 1169 4154 ad
1189 4074 1405 4169 Baptismum
1431 4079 1605 4160 veniunt,
1632 4090 1694 4148 aut

226 4168 390 4258 „quibus
415 4161 556 4242 Parrum
579 4167 708 4244 statuta
732 4170 941 4245 sacerdotali
960 4175 1220 4266 predicatione
1246 4191 1349 4250 antea
1371 4178 1407 4248 in
1421 4175 1593 4246 notitiam
1617 4191 1693 4248 non

230 4279 446 4357 „venerunt
470 4268 489 4358 (
499 4268 549 4340 ita
572 4289 641 4361 pro
660 4272 829 4346 nouitate
850 4273 1118 4364 conversionis,
1145 4296 1186 4347 ac
1207 4272 1291 4348 fidei
1317 4275 1384 4349 suae
1409 4274 1584 4344 credimus
1606 4291 1694 4348 con.

230 4361 476 4455 „sutendum)
501 4383 542 4438 ut
559 4371 740 4444 contraiis
756 4371 943 4463 hucusque
961 4371 1168 4464 hujusmodi
1189 4367 1351 4472 conjugia
1373 4393 1447 4444 non
1467 4370 1694 4470 solvantur.“
1774 4439 1790 4463 ,

230 4461 356 4536 Primo
378 4462 510 4538 iutuitu
534 4469 683 4559 quisque
706 4471 901 4646 perspic'ht,
950 4491 1027 4545 non
1051 4472 1109 4546 hic
1131 4474 1176 4546 de
1196 4473 1454 4568 dispensatione
1478 4473 1531 4564 agi
1555 4487 1695 4546 contra·
1731 4462 1770 4510 ²

231 4563 349 4638 hendi
369 4565 609 4656 matrimonii,
646 4566 706 4642 sed
730 4569 777 4646 de
795 4591 846 4644 no
894 4567 1076 4646 solutione
1093 4574 1165 4666 J'arn
1184 4571 1384 4667 poumaiii,
1413 4568 1454 4642 dt
1473 4591 1518 4646 ex
1532 4571 1613 4663 jure
1636 4595 1697 4648 na·
1830 4575 1832 4578 ’

903 4667 979 4745 Klt
1007 4693 1027 4746 a
1255 4691 1258 4699 ¹
1337 4685 1353 4706 ²
1558 4687 1646 4744 turae

238 4767 909 4794 *nat——ffi

315 4788 358 4884 ⁹)¹
369 4799 558 4860 Ecclesiastici
576 4803 620 4862 rur
636 4804 800 4874 Censores,
829 4804 860 4866 ba
876 4806 1010 4881 publici,
1037 4823 1071 4872 ut
1087 4809 1164 4872 sama
1181 4785 1259 4882 sert,
1287 4806 1435 4870 Doctores
1450 4807 1479 4867 in
1494 4807 1569 4868 Sede
1582 4807 1697 4872 Marru-

348 4887 558 4960 politanatam
575 4890 816 4952 irreverenter&
833 4894 990 4968 atrociter,
1024 4894 1302 4958 adversariarum
1320 4891 1507 4968 apostolicam
1525 4893 1628 4954 Sedens
1647 4899 1699 4962 de·

355 4968 556 5045 bacchantur,
577 4988 612 5035 ut
624 4993 686 5036 non
699 4971 784 5052 supra
796 4976 978 5081 sicutenim,
1001 4981 1139 5060 forsitan,
1161 4979 1285 5044 fi'horiie
1299 4981 1433 5056 viveret,
1455 4978 1679 5052 nchutirerus.
