3942 6134
289 1051 569 1184 -276
834 1101 1166 1150 m
1006 1101 1010 1112 '
1162 1098 1169 1110 '

278 1269 383 1371 „flou
398 1259 612 1367 coeperest
637 1265 721 1343 Hoc
744 1254 1020 1367 §restantillimo
1044 1264 1267 1344 documento
1285 1263 1400 1362 Julius
1410 1245 1662 1356 'P.''ltrliq'usln
1691 1261 1741 1335 de

231 1419 258 1472 -,
277 1391 318 1445 re
339 1368 507 1444 omnibus
527 1367 721 1443 Catholicis
744 1390 831 1445 notu
854 1372 1002 1444 testatur'
1026 1369 1222 1464 apostolica
1244 1367 1338 1440 Petri
1366 1363 1599 1438 Authoritcte
1618 1361 1740 1456 Syno-

279 1471 346 1546 dos
362 1469 621 1564 Episcoporum
644 1469 742 1562 polle
759 1472 956 1545 reformari.
1010 1471 1108 1569 Quid
1128 1469 1223 1541 dicet
1240 1468 1311 1560 iim
1329 1463 1527 1559 Dupinius,
1553 1461 1637 1555 quid
1658 1459 1740 1533 Zol-

279 1575 450 1659 weinius,
476 1567 560 1658 quid
578 1567 606 1640 F
608 1570 802 1643 ebromus?
829 1565 1076 1658 in'Surdicensr
1095 1568 1262 1641 Concilio
1281 1564 1360 1658 post
1378 1567 1534 1655 quinque
1550 1581 1666 1637 annos
1679 1565 1737 1654 jus

270 1670 461 1768 ,quoddam
479 1667 666 1774 revisionis
685 1672 837 1764 primum
855 1665 1021 1779 Pontifici
1042 1667 1246 1749 concellum
1267 1662 1394 1745 soille?
1422 1662 1695 1760 Apagetnugas!
1751 1733 1755 1738 ,
1868 1766 1870 1776 ⁴

822 1832 828 1844 “
962 1841 1097 1959 sn
1174 1879 1180 1886 -

434 1985 574 2064 Eodem
600 1987 717 2064 udhuc
743 2006 871 2085 quino
898 1989 1032 2064 Seculo
1062 1985 1230 2062 Damasus
1251 1983 1288 2062 P.
1318 1983 1550 2062 Ariminenlls
1577 1979 1740 2058 Concilli

285 2079 358 2164 reta
381 2085 424 2159 ad
450 2087 484 2161 se
510 2091 621 2162 relata
643 2091 853 2182 dijudicavit
868 2130 890 2180 ,·
921 2091 1117 2182 rejecitque
1139 2089 1193 2160 his
1215 2089 1335 2160 verbis
1360 2091 1415 2174 “):
1456 2083 1616 2189 „Neque
1639 2085 1737 2158 enim

283 2187 554 2279 „prejudicium
572 2189 718 2281 aliquod
737 2189 813 2264 fieri
836 2192 956 2283 potuit
976 2209 1039 2280 per
1056 2207 1243 2262 numerum
1260 2186 1415 2263 Arimini
1428 2199 1737 2279 congregatorum

279 2284 414 2380 >„(6oo
430 2286 716 2382 Episcoporum)
744 2291 889 2382 quondo
911 2285 1051 2362 constat
1069 2309 1186 2378 neque
1206 2299 1392 2359 romanum
1409 2283 1645 2379 Episcopum,
1676 2303 1741 2354 cu·

143 2450 150 2474 ,
177 2437 185 2446 -
282 2386 367 2474 „jus
385 2405 469 2460 anre
490 2389 611 2460 omnia
634 2387 787 2464 decebat
804 2386 1086 2480 eosexlpediare
1110 2386 1294 2461 decretum
1318 2435 1362 2450 ...
1387 2379 1569 2478 prebuille
1589 2383 1739 2456 consen·

284 2480 456 2569 „sum.“·'
479 2487 578 2586 Quin
603 2489 717 2560 immo
738 2487 835 2560 idem
859 2486 1030 2559 Pontifex
1055 2487 1168 2559 varias
1194 2487 1289 2558 illius
1312 2484 1485 2576 temporis
1512 2495 1582 2553 tarn
1604 2478 1737 2554 Catho-

213 2641 227 2664 ,
285 2582 459 2670 licorum,
483 2605 588 2672 quam
618 2583 876 2658 Heresicoruni
902 2586 1070 2677 synodos
1097 2605 1167 2656 una
1195 2582 1294 2656 fimul
1323 2603 1449 2656 omnes
1471 2595 1600 2674 proter
1619 2577 1736 2652 Nice·

219 2688 223 2692 ’
282 2696 365 2755 nam
387 2680 661 2769 euanthorauit,
700 2683 941 2776 precepitque
960 2682 1049 2756 teste
1068 2681 1311 2758 &Athanalio
1336 2683 1414 2774 ⁴⁵⁸),
1456 2694 1496 2754 ut
1517 2681 1616 2753 nulla
1635 2678 1732 2752 dein·

187 2805 191 2812 ·
285 2795 370 2868 ceps
393 2784 428 2852 in
449 2778 586 2868 Ecclesia
604 2785 754 2855 eubulius
771 2789 987 2858 nominaretur
1008 2777 1154 2874 synodus
1175 2795 1290 2874 preter
1309 2803 1405 2854 unum
1430 2781 1610 2854 Nicenunr.
1663 2777 1733 2850 Ve·
1867 2811 1870 2861 i

283 2877 385 2948 nient
401 2897 498 2974 nunc
514 2877 756 2970 Febroniani,
779 2882 814 2952 u
828 2877 1051 2973 pontificiam
1069 2879 1282 2973 potestatem
1300 2878 1516 2952 reformandi
1534 2877 1728 2972 provincia·
1863 2874 1867 2925 ³

283 2973 339 3064 les
347 2973 515 3070 synodos
529 2997 594 3075 per
606 2978 779 3056 llidorum
795 2979 887 3054 falsis
900 2980 1152 3056 Decretalibus
1169 2977 1270 3056 fuiss'e
1287 2978 1464 3056 invediant
1471 2977 1702 3054 -labulenturl

953 3158 990 3278 §-
1022 3181 1063 3275 7·

430 3301 561 3402 Quinti
583 3305 652 3395 ism
677 3303 794 3378 seculi
820 3303 924 3377 initio
947 3300 1233 3396 innocentiusl,
1265 3301 1430 3398 utsupra
1454 3305 1521 3399 §.3
1544 3299 1724 3376 annotavi·

282 3409 381 3487 mus,
407 3403 451 3472 ab
467 3405 571 3496 ipfius
588 3405 793 3478 universalis
810 3403 945 3496 Synodi
963 3403 1120 3478 Nicaene
1137 3404 1285 3476 decreto
1303 3416 1490 3498 exceptam
1508 3401 1577 3474 elle
1594 3397 1723 3504 sposto-

282 3498 387 3568 licam
413 3497 508 3572 Petri
530 3501 800 3574 Authoritatern
832 3503 989 3575 declarat
1007 3503 1105 3592 ml:
1144 3503 1207 3592 „Si
1237 3523 1314 3593 quae
1342 3519 1460 3576 autem
1489 3499 1631 3590 raulfe,
1668 3499 1723 3572 vel

282 3599 569 3685 „contentiones
589 3604 682 3672 inter
700 3599 862 3674 Clericus
885 3617 956 3673 tarn
983 3601 1170 3694 superioris
1194 3601 1354 3690 ordinis,
1389 3622 1492 3690 quam
1512 3601 1619 3672 etiam
1641 3597 1722 3671 inf·

188 3756 191 3762 ,
283 3693 415 3785 „rioris
445 3695 579 3771 fuerint
607 3716 762 3786 exorte,
792 3715 835 3771 ut
861 3698 1053 3772 secundum
1080 3697 1264 3790 synodum
1290 3699 1474 3775 Nicaenam
1506 3697 1722 3794 congregatis

283 3792 473 3883 „eiusdem
503 3798 700 3870 Prouinciae
730 3795 914 3892 Episcopis
941 3799 1093 3892 jurgium
1122 3799 1352 3892 terminetur,
1393 3821 1462 3874 nec
1491 3800 1595 3870 alicui
1623 3801 1724 3870 liceat

253 3903 259 3908 ·
282 3891 414 3988 3,(fine
439 3897 645 3987 prejudicio
665 3915 785 3970 tamen
806 3917 963 3969 romane
981 3893 1166 3988 Ecclesiae,
1206 3901 1262 3970 cui
1285 3899 1320 3973 in
1344 3900 1510 3974 omnibus
1530 3894 1649 3972 cauffis
1671 3896 1738 3968 de··

281 3999 377 4082 „bet
399 3996 603 4066 reverentia
629 3994 831 4091 custodiri)
869 3995 1000 4069 relidis
1024 3997 1086 4090 his
1100 3995 1354 4071 Sacerdotibus
1392 4049 1436 4065 ...
1474 3995 1518 4070 ud
1543 4001 1626 4069 alins
1648 4016 1727 4068 cou-

282 4094 439 4181 „volare
461 4089 708 4168 Provincias.“
758 4097 875 4183 Ecce,
903 4096 1091 4188 quomodo
1116 4097 1152 4170 in
1173 4097 1252 4189 ipns
1276 4095 1488 4174 inferiorum
1509 4095 1727 4167 clericorum

283 4190 404 4264 caudis
430 4191 637 4268 adsumme
661 4194 761 4266 Sedis
785 4197 939 4267 tribunal
966 4195 1026 4270 via
1053 4197 1303 4288 appellationis
1326 4212 1390 4288 per
1411 4193 1595 4289 synodum
1617 4189 1729 4265 Nice·

144 4357 149 4364 .
279 4311 365 4367 nam
389 4295 553 4384 patuerit.
605 4291 834 4366 Bonifaciusl
857 4291 1041 4387 Episcopls
1058 4291 1244 4392 Thellalie
1264 4296 1501 4384 vehementer
1523 4294 1726 4388 exprobrat,

185 4449 191 4456 .
282 4389 384 4482 quod
409 4391 609 4484 apostolico
627 4391 766 4490 Leguto
791 4392 948 4464 debitam
976 4394 1216 4466 reverentiam
1240 4413 1315 4466 non
1347 4385 1729 4482 exhibentemque

231 4571 234 4577 ,
282 4489 1217 4590 haueremgravamina,essenondeterminentur):
1239 4491 1732 4582 „institutiouniveclalisnr-

278 4587 438 4682 „scentis
459 4589 624 4664 Ecclefie
644 4591 696 4664 de
717 4591 757 4663 Β.
776 4591 867 4661 l'etri
892 4588 1008 4663 lumlit
1030 4590 1172 4663 honore
1197 4593 1435 4685 principium,
1475 4591 1514 4664 in
1538 4610 1613 4681 quo
1638 4611 1677 4662 re
1701 4593 1733 4660 i·

280 4709 393 4782 „men
418 4689 511 4781 eJus,
551 4689 740 4767 &summa
761 4685 935 4763 consistit:
972 4710 1018 4762 ex
1039 4691 1115 4784 ejus
1136 4693 1232 4764 enim
1256 4690 1362 4765 fonte
1383 4689 1616 4774 ecclesiastiea
1636 4609 1733 4763 ndei·

1138 4824 1143 4834 ·
1555 4789 1685 4888 „plius

219 4926 222 4957 ³
356 4927 389 5002 ⁰)
410 4922 527 5007 Epill3
546 4930 582 4988 cd
595 4925 732 5000 episcop.
748 4929 830 5008 lllyr.
945 4921 1197 5007 ··)·lnluo,eplll.
1212 4927 1249 4989 ad
1268 4923 1396 5004 enideo
1503 4957 1507 4962 ·
1661 4997 1675 5008 .

306 5003 386 5086 W)
404 5024 454 5068 nu
473 5011 593 5074 Victric.
611 5013 685 5086 Cep.
698 5026 727 5088 3.
850 5011 934 5094 Μ’)
957 5011 1045 5084 Epist.
1068 5026 1116 5090 ¹4·
1332 5045 1335 5048 -
1539 5019 1557 5044 ⁸
