3942 6134
296 1111 370 1183 250
807 1076 1139 1152 a&

252 1265 457 1362 apostolicae
477 1265 615 1360 judicio
640 1265 798 1342 submissa
824 1265 874 1340 est
894 1266 1085 1342 secundum
1112 1261 1377 1361 antiquissimam
1401 1263 1508 1337 illam·
1525 1269 1714 1366 regulam:
1774 1293 1782 1306 ’
1887 1315 1888 1332 r

253 1371 310 1476 lise
331 1371 445 1462 absque
463 1371 602 1463 conbusti
623 1376 746 1443 rumoni
764 1365 931 1491 Pontifitit
950 1372 1119 1464 quidquam
1142 1373 1182 1443 ab
1204 1366 1348 1490 Ettitstis
1369 1369 1564 1444 decernatur.

292 1744 300 1751 .
401 1677 578 1850 ssuartum
603 1681 692 1773 jam,
734 1683 765 1755 u
792 1681 949 1772 sequiora
972 1670 1088 1754 secula
1114 1679 1372 1776 attingentibus
1395 1676 1454 1750 vel
1478 1673 1571 1768 apud
1595 1671 1713 1748 solum

256 1773 400 1849 Thoma
426 1801 524 1852 tuum
546 1797 603 1852 tot
628 1781 802 1873 pontificii
822 1782 908 1874 juris
929 1780 1023 1850 circa
1046 1777 1322 1870 dispensationes
1345 1777 1564 1861 documenta
1583 1774 1617 1852 se
1642 1793 1715 1847 no·

257 1877 311 1950 bis
336 1874 520 1968 offerunt,
560 1894 603 1952 ut
621 1879 854 1952 describendo
883 1879 1021 1972 singula,
1039 1881 1075 1950 in
1099 1881 1279 1970 prolixum
1305 1897 1398 1969 opus
1426 1871 1721 1970 liberatoresce·¹

257 1989 323 2052 tet.
376 1977 498 2077 Quare
527 1980 712 2050 brevitatis
736 1978 856 2057 studio
874 1978 1011 2051 nonnisi
1038 1998 1150 2069 pauca
1172 1978 1332 2073 seligam,
1360 1995 1400 2048 ac
1423 1973 1467 2045 de
1487 1971 1613 2046 Siricio
1637 1971 1721 2064 qui·¹

259 2073 341 2148 dem
361 2078 501 2159 initium
514 2076 675 2167 seciam,
712 2081 812 2171 cujus
834 2091 934 2150 extat
955 2075 1135 2166 responsio
1158 2078 1200 2150 ad
1221 2074 1520 2158 consultationem
1540 2069 1714 2164 Episcopi

258 2167 556 2262 Tarraconense,
597 2179 656 2268 qui
678 2175 828 2252 Damaso
850 2175 1095 2250 Praedecellori
1120 2179 1323 2270 complures
1345 2170 1535 2267 disciplina
1555 2172 1713 2244 maculas

224 2315 228 2323 ·
258 2271 295 2344 in
318 2271 473 2346 Ecclefia
493 2271 697 2368 Hispanensr
719 2274 951 2368 exposuerat,
990 2271 1201 2368 potissimum
1225 2294 1315 2347 vero
1338 2275 1430 2346 circa
1452 2269 1617 2344 ordinum
1640 2269 1717 2341 col·

259 2372 424 2446 lotiones.
476 2371 664 2468 Episcopi,
692 2379 752 2468 qul
769 2389 872 2448 antea
891 2376 1109 2468 poenitentiae
1132 2371 1327 2467 subjectos,
1355 2373 1565 2466 &bigamos
1583 2381 1714 2442 contra

172 2543 177 2548 .
261 2491 418 2544 canones
443 2471 729 2565 ordinaverant,
770 2476 863 2548 baud
897 2472 991 2546 suam
1024 2473 1240 2565 dispensandi
1274 2465 1716 2568 potestatemgpraetcnde·

164 2619 175 2646 t
259 2570 360 2657 bant,
412 2569 507 2643 Hinc
529 2569 697 2646 Pontifex
719 2577 860 2648 veniam
882 2569 1049 2646 conceffit
1072 2571 1116 2646 src
1137 2571 1377 2646 Ordinatisin
1400 2567 1486 2656 suo,
1528 2585 1716 2657 quemue·

260 2681 455 2760 ceperunt,
483 2669 610 2751 ordine
630 2672 883 2764 permanendi,
909 2669 1093 2764 Episcopis
1111 2693 1201 2744 vero
1222 2669 1324 2763 ipsis,
1349 2665 1372 2740 sl
1393 2667 1582 2760 quidquam
1605 2666 1717 2740 sumile

260 2787 328 2863 pro
349 2765 472 2840 futuro
491 2773 780 2861 committerent,
826 2789 1018 2866 congruam
1041 2773 1279 2846 comminatus
1301 2765 1351 2842 est
1371 2787 1509 2861 poenatu
1532 2766 1598 2855 '):
1635 2761 1713 2852 „Et

260 2867 372 2956 „quia
397 2864 452 2939 his
480 2870 668 2957 omnibus,
711 2891 789 2961 que
815 2872 851 2943 in
875 2870 1186 2961 reprehensionem
1217 2872 1400 2955 veniunt,
1427 2868 1499 2942 sola
1528 2863 1713 2938 excusatio

258 2966 524 3059 „ignorationis
534 2967 776 3065 obtenditur,
816 2971 883 3042 cui·
897 2987 963 3041 nos
984 2969 1136 3042 interim
1150 2968 1256 3042 solius
1279 2967 1420 3061 pietatis
1442 2966 1575 3040 intuitu
1598 2962 1719 3040 neces

261 3063 323 3152 ,3se
343 3061 393 3172 est
411 3067 609 3140 clementer
626 3066 827 3164 ignoscere3
855 3070 1070 3160 quicumque
1088 3071 1285 3160 penitens,
1310 3068 1523 3166 quicumque
1542 3066 1714 3159 bigamus,

259 3164 503 3256 „quicumque
523 3167 641 3241 viduae
663 3169 828 3257 maritus,
861 3166 904 3240 ad
927 3167 1055 3240 sacram
1076 3169 1236 3242 militiam
1258 3165 1439 3253 indebite,
1476 3163 1715 3255 &incompe-

260 3276 409 3354 „tenter
425 3267 581 3359 irrepsit,
606 3267 674 3340 hac
691 3267 752 3342 srbi
770 3267 984 3341 conditione
1001 3288 1021 3338 a
1036 3269 1141 3342 nobie
1158 3267 1491 3358 veniamiotelligat
1507 3264 1717 3349 relaxatam,

261 3376 331 3451 „ut
357 3363 393 3434 in
422 3385 552 3459 magno
581 3365 713 3438 debeat
738 3365 919 3442 beneficio
949 3383 1181 3458 computare,
1214 3368 1239 3441 sr
1269 3363 1408 3438 ademta
1433 3365 1495 3438 libi
1525 3361 1626 3456 ommi
1654 3358 1715 3454 spe

261 3459 536 3552 „provediionis
557 3466 594 3536 in
613 3462 709 3555 h'oc,
745 3467 877 3558 inquo
899 3468 1126 3555 invenietur,
1168 3465 1305 3538 Ordine
1328 3481 1499 3558 perpetua
1521 3459 1713 3535 stabilitate

261 3575 521 3650 „permaneatz
555 3563 845 3655 scituripollhac
872 3566 1032 3638 omniurn
1061 3562 1327 3639 Provinclarum
1360 3561 1481 3656 summi
1510 3555 1713 3647 Antistites,

261 3657 389 3748 „quod
415 3658 438 3731 st
462 3663 556 3733 ultra
582 3660 626 3734 ad
653 3661 768 3736 sacros
789 3664 938 3738 ordines
962 3681 1066 3752 quem
1121 3686 1174 3738 am
1203 3666 1247 3738 de
1273 3665 1401 3736 talibus
1429 3658 1647 3734 crediderint
1670 3659 1715 3728 as·

262 3753 520 3847 „sumendum
558 3759 764 3851 &desuo,
801 3761 1045 3836 &deuotum
1120 3775 1179 3852 tu,
1215 3773 1451 3854 quoscontra
1474 3775 1656 3846 canones,
1678 3754 1733 3831 &-

263 3855 478 3946 „interdicta
496 3858 614 3932 nostra
638 3863 894 3952 provexerint,
930 3881 1123 3956 congruam
1145 3867 1189 3936 ab
1212 3861 1408 3956 apostolica
1425 3858 1519 3936 Sede
1542 3875 1712 3950 promen·

279 3954 372 4044 ,darn
404 3955 475 4030 esse
503 3957 755 4034 sententiam.“
805 3961 841 4034 Si
870 3960 1052 4044 ordinario
1084 3958 1302 4054 dispensandi
1327 3961 1407 4053 jure
1435 3957 1541 4056 gavisi
1573 3953 1716 4032 fuissent

262 4006 455 4148 Episcopi,
491 4058 588 4141 itane
606 4055 773 4134 Pontifex
789 4058 981 4136 rescribere
1000 4057 1202 4152 potuisset?
1239 4059 1316 4134 Aut
1327 4060 1448 4151 jarune
1468 4056 1612 4131 Siriciuc
1634 4069 1715 4126 aute

264 4150 473 4228 isidorianas
490 4155 921 4252 decretaleseffentialia,
947 4157 1121 4237 &divina
1135 4159 1394 4258 Episcoporum
1409 4161 1491 4254 'jura
1512 4149 1716 4250 iniquissime

234 4295 243 4304 »
266 4251 492 4329 violavitii
905 4265 913 4272 '
1492 4288 1501 4301 ·

323 4516 327 4523 ⁴
412 4493 503 4572 Cum
524 4499 560 4572 in
581 4497 735 4590 quodam
753 4497 861 4573 ltalire
879 4495 1048 4572 Concilio
1066 4498 1237 4574 statutum
1261 4483 1368 4587 e‘ll‘et,
1401 4515 1448 4570 ne
1466 4494 1510 4570 ad
1531 4494 1644 4568 ullum
1659 4507 1715 4562 ec·

224 4623 229 4632 ·
263 4590 442 4667 clesrasticl
466 4597 600 4671 ordinis
622 4599 767 4692 gradum
789 4601 1060 4692 reciperentur,
1089 4599 1147 4689 qui
1169 4601 1238 4690 jam
1260 4601 1294 4670 in
1320 4596 1436 4670 heresi
1459 4593 1630 4686 fuissentt
1666 4604 1716 4658 to

264 4694 335 4764 tius
353 4693 486 4766 Africae
502 4694 671 4788 Episcopi
691 4698 774 4770 buic
794 4705 1006 4771 transmarino
1026 4695 1217 4786 Concilio,
1241 4697 1335 4772 lraud
1358 4695 1467 4767 dubie
1488 4715 1507 4766 a
1529 4691 1620 4784 Papa
1640 4688 1717 4782 ipsu
1754 4741 1761 4752 .

263 4789 477 4885 notificato,
507 4795 558 4867 ita
573 4791 816 4891 assurgebant,
854 4811 988 4870 utnon
1006 4795 1068 4870 srbi
1083 4795 1119 4872 id
1136 4795 1338 4890 sumserint,
1373 4815 1447 4890 quo
1467 4795 1571 4888 hujus
1587 4783 1718 4862 decreti
1768 4887 1773 4896 ἢ

448 4911 453 4920 ’
1588 4907 1673 4962 teru-

266 4989 597 5011 .-““-“““
603 4997 934 5016 *υ*-

346 5030 382 5101 ⁸)
404 5022 492 5091 Epist.
506 5045 542 5093 1,
563 5025 637 5095 Cap.
653 5041 703 5103 15.
790 5035 794 5040 ’
