3942 6134
157 1705 166 1710 ·
290 1677 355 1758 hic
373 1675 505 1770 agitur:
539 1694 585 1746 ac
599 1667 774 1748 meritos

864 1115 1201 1185 tae-au·
1640 1095 1721 1198 don

296 1276 399 1374 quod
418 1275 529 1352 iidem
548 1271 671 1351 Patres
688 1277 725 1352 in
740 1271 912 1370 synodica
930 1277 1080 1372 epistola
1091 1265 1137 1352 ad
1158 1277 1288 1370 Iulium
1305 1273 1343 1352 Ρ.
1364 1277 1590 1378 seripserunt:
1620 1277 1757 1378 „Opti
1881 1343 1884 1351 ,

292 1400 424 1475 ,urum
450 1377 485 1450 tr
507 1376 614 1451 vaide
634 1374 984 1473 congruentissimum
1006 1377 1077 1452 elle
1108 1377 1314 1468 videbitur,
1352 1377 1441 1452 fiad
1461 1381 1597 1474 Caput,
1629 1379 1751 1472 idest,

176 1466 207 1496 ”
291 1473 483 1580 „ad‘i'etri
495 1471 666 1568 Apostoli
680 1475 809 1550 sedern
835 1475 881 1550 de
897 1477 1038 1572 singulis
1056 1479 1254 1570 quibusque
1274 1475 1472 1551 Provinciis
1491 1480 1639 1554 Domini
1661 1479 1752 1568 rese·

291 1590 406 1668 „rant
423 1573 677 1648 Sacerdotes“
727 1573 1285 1748 Ergofileurelotiongbcsaulsarrum,
1312 1573 1531 1748 rtrontdumhde
1550 1581 1751 1746 repetiistionr

799 1721 814 1748 -.
856 1695 1006 1748 aerinis
1091 1697 1243 1748 ervaun
1334 1696 1457 1748 anum
1498 1695 1546 1747 oc
1581 1697 1750 1752 atroce·

290 1796 423 1859 none,
450 1774 510 1845 ubi
531 1771 578 1844 de
597 1774 775 1848 relatione
792 1775 955 1868 ipsorum
973 1773 1157 1868 judicum,
1183 1795 1204 1846 a
1227 1727 1387 1850 Pa'tribus
1408 1773 1670 1848 sardicensibus
1694 1773 1754 1850 ad.

291 1873 412 1948 hiberi
425 1873 635 1947 formulam:
662 1872 794 1973 &Petri
802 1881 982 1964 inenorian
992 1878 1186 1961 honoremus,
1196 1874 1402 1961 neutiquam
1414 1875 1635 1948 veroinaliis
1646 1894 1752 1948 cano·
1828 1925 1838 1932 -

288 1975 414 2064 nibus,
441 1973 501 2044 ubi
514 1971 560 2044 de
571 1970 726 2042 damnati
740 1975 982 2066 appellatione
996 1969 1110 2046 sermo
1125 1969 1192 2060 est,
1214 1971 1295 2061 quia
1308 1971 1366 2046 hic
1382 1990 1459 2044 non
1472 1975 1750 2050 reverentialenr

237 2067 248 2089 ¹
291 2087 437 2149 tanturn
461 2073 663 2161 honorem,
694 2068 754 2142 sed
773 2075 832 2165 jus
855 2071 1008 2148 stritlum
1032 2070 1173 2146 summas
1190 2067 1290 2144 Sedis
1316 2084 1554 2164 agnoverunt
1607 2071 1748 2146 nvero
1792 2087 1795 2094 ’
1865 2135 1867 2138 ,

289 2174 404 2268 igitur
423 2173 529 2266 plane
548 2171 703 2242 alienum
724 2167 800 2262 est,
838 2171 937 2264 quod
958 2169 1039 2268 poll
1061 2169 1203 2244 Petram
1226 2166 1271 2240 de
1291 2166 1415 2240 Marsa
1437 2166 1577 2261 plurimi
1602 2167 1645 2244 ad
1666 2191 1753 2246 nau·
1807 2253 1811 2258 ¹
1860 2163 1879 2238 '.

289 2271 387 2348 seam
409 2285 633 2358 recoquunt:
669 2268 767 2358 hunc
787 2273 933 2345 tertium
953 2269 1396 2346 sardicensemcanonem
1418 2263 1488 2338 effe
1511 2269 1656 2360 primam
1680 2269 1752 2343 ori·
1859 2321 1874 2328 -

288 2371 413 2468 ginern
433 2368 528 2462 quai
544 2369 687 2464 gratuiti
698 2368 788 2461 juris
805 2367 983 2462 pontificii
1003 2373 1098 2444 circa
1112 2364 1347 2465 suscipiendas
1368 2366 1660 2460 appellationes,
1704 2365 1750 2442 de
1877 2375 1892 2454 ἢ

195 2521 207 2538 .
290 2471 337 2548 iis
356 2470 454 2545 enim
474 2466 639 2544 nondum
660 2465 734 2541 hoc
758 2489 901 2588 canone
921 2473 1105 2568 agebatur.

956 2638 1100 2758 tto.
1241 2727 1244 2733 ,
1331 2719 1334 2725 Α

194 2803 199 2810 ’
309 2837 317 2850 ·
442 2786 623 2892 Quartum
650 2805 752 2860 nunc
785 2797 963 2877 canonem
1000 2785 1242 2878 explicemus,
1281 2783 1343 2878 qui
1372 2782 1503 2878 prioris
1535 2780 1754 2860 additamen-

216 2880 226 2892 ’
291 2901 373 2965 turn
395 2884 448 2962 est
469 2887 515 2960 de
534 2889 663 2978 tertia,
689 2900 732 2960 ut
749 2886 869 2978 aiunt,
896 2883 1080 2985 instantia,
1106 2883 1388 2976 seuverajam,
1414 2883 1613 2977 &propria
1634 2883 1753 2976 appel·
1835 2899 1843 2910 ·

290 2991 434 3064 latione
457 2985 614 3062 damnari
643 3006 664 3057 a
686 2983 845 3059 secundo
865 2983 1005 3077 judicio
1035 2983 1413 3076 extraprovincialium
1438 2980 1599 3076 judicum
1628 2977 1674 3054 ad
1694 3001 1754 3054 ro·

291 3107 440 3164 nranum
456 3082 684 3159 Pontificem.
739 3080 841 3156 Nihil
866 3086 905 3158 in
925 3103 973 3156 eo
993 3080 1156 3156 statuitur
1175 3081 1220 3155 de
1238 3084 1317 3176 jure
1341 3079 1523 3156 Pontificis
1543 3079 1754 3176 appellatio·

292 3207 362 3262 nes
378 3183 612 3275 suscipiendi,
648 3181 709 3256 sed
725 3184 801 3256 hoc·
812 3202 882 3274 pro
898 3195 1002 3258 certo
1015 3183 1088 3274 jam
1106 3179 1288 3276 supposito
1305 3196 1445 3256 tantum
1462 3179 1673 3270 ordinatur,
1709 3191 1752 3254 ut

292 3287 388 3358 alter
409 3285 587 3356 inlocum
607 3277 759 3374 depositi
781 3299 857 3354 non
877 3280 1114 3377 subrogetur,
1154 3295 1344 3374 antequam
1366 3299 1535 3356 romanus
1552 3277 1752 3372 Episcopus

276 3381 415 3476 ‚cauffo
436 3382 582 3478 cognita
603 3377 814 3454 sententiam
839 3381 983 3469 tulerit:
1020 3375 1110 3452 Hac
1132 3379 1238 3474 ipsius
1261 3382 1365 3477 greci
1390 3394 1511 3454 textus
1534 3379 1645 3452 verba
1671 3375 1754 3452 suot

194 3499 204 3508 ’
286 3487 402 3579 plane
424 3478 636 3577 diretloria,
661 3481 714 3554 ita
736 3495 778 3554 ut
799 3500 909 3576 nugas
928 3479 1136 3575 fabulentur
1156 3477 1251 3553 Petri
1272 3479 1317 3552 de
1336 3478 1462 3554 Merca
1482 3475 1752 3567 succrescunt

289 3595 436 3658 tantuna
460 3581 519 3655 hic
541 3578 636 3673 apud
658 3583 795 3676 priores
811 3580 951 3672 judices
977 3580 1085 3652 novis
1107 3578 1237 3656 additis
1259 3579 1439 3672 aedificator
1461 3580 1593 3652 volunt
1615 3577 1754 3654 indica·

138 3723 142 3726 ·
290 3687 353 3758 ri:
379 3679 529 3757 caussam
553 3681 647 3754 enim
669 3681 908 3777 cognoscere,
934 3677 1196 3753 &sententiam
1218 3677 1332 3768 serre,
1357 3676 1456 3772 quod
1476 3678 1600 3769 utique
1621 3679 1751 3752 inter·

291 3786 351 3856 tio
369 3783 442 3874 iarn
467 3780 639 3852 tribunali
657 3781 839 3872 proprium
855 3782 914 3874 ius
940 3779 1190 3873 appellationis
1214 3777 1370 3866 iudicat,
1415 3775 1574 3870 expresse
1596 3795 1750 3852 romano

222 3948 228 3958 .
293 3875 465 3954 Pontifici
486 3877 664 3950 tribuitur.
714 3875 854 3961 Clarior
875 3893 997 3953 autem
1022 3878 1140 3953 adhuc
1165 3875 1215 3954 est
1236 3879 1367 3954 latinus
1388 3893 1535 3965 textus,
1572 3877 1630 3970 qui
1653 3899 1749 3972 agen·

294 3981 373 4058 ian
391 3985 428 4054 in
444 3978 522 4050 urbe
539 3975 646 4050 Ronro
662 3984 841 4068 negotium,
866 3981 911 4064 ὅ
931 3969 1066 4074 coufflrm
1086 3985 1121 4053 irr
1135 3980 1256 4076 judicio
1276 3982 1400 4053 rornorrr'
1415 3973 1559 4074 Episcopi
1577 3983 1747 4050 terminan-

294 4084 370 4156 dorn
395 4073 523 4152 asserit.
572 4073 697 4168 Atque
720 4071 798 4147 hacc
823 4075 934 4150 latina
960 4073 1069 4150 lessio
1094 4095 1171 4150 non
1197 4076 1312 4152 solum
1339 4079 1376 4152 in
1404 4079 1571 4152 omnibus
1597 4073 1747 4168 Mscptis

296 4175 463 4276 Dionysi
484 4173 634 4271 Erigui,
660 4175 915 4250 verumetiam
938 4177 976 4250 in
1001 4177 1146 4256 aliarum
1171 4175 1425 4252 collectionum
1451 4175 1509 4249 sex
1531 4173 1747 4268 perantiquis

297 4279 484 4354 codicibus
504 4278 702 4367 invenitur,
726 4275 800 4349 irno
820 4273 931 4370 ipsunt
952 4276 1125 4370 originale
1147 4279 1342 4374 exemplar,
1368 4269 1621 4356 sardicensium
1643 4291 1751 4346 cano·

296 4399 384 4454 num
407 4376 521 4448 latino
544 4374 707 4451 sermone
725 4373 827 4452 suillo
847 4389 1068 4473 conceptum
1089 4374 1217 4454 validis
1237 4389 1336 4454 certe
1356 4371 1572 4474 argumentis
1591 4375 1749 4472 probant

82 4448 84 4457 ’
162 4497 167 4504 ·
252 4563 259 4571 ,
296 4475 480 4554 narrentis
503 4475 554 4566 r).

960 4755 965 4762 .
1038 4715 1074 4782 .

1296 4767 1302 4778 ι

1163 4786 1178 4796 κ

1582 4826 1619 4916 9.
1639 4845 1696 4902 rr.

280 5101 286 5116 ,
378 5045 413 5130 ·)
433 5043 511 5120 Opp.
529 5037 663 5105 &Locus
680 5031 820 5106 Teura,
840 5051 872 5112 p.
880 5049 955 5117 ppo.
