<?xml version="1.0" encoding="UTF-8"?>
<!DOCTYPE html PUBLIC "-//W3C//DTD XHTML 1.0 Transitional//EN"
    "http://www.w3.org/TR/xhtml1/DTD/xhtml1-transitional.dtd">
<html xmlns="http://www.w3.org/1999/xhtml" xml:lang="en" lang="en">
 <head>
  <title>
</title>
<meta http-equiv="Content-Type" content="text/html;charset=utf-8" />
  <meta name='ocr-system' content='tesseract 3.04.00' />
  <meta name='ocr-capabilities' content='ocr_page ocr_carea ocr_par ocr_line ocrx_word'/>
</head>
<body>
  <div class='ocr_page' id='page_1' title='image "./quisestpetrusse00frgoog_0363.png"; bbox 0 0 3942 6134; ppageno 0'>
   <div class='ocr_carea' id='block_1_1' title="bbox 843 1023 1687 1169">
    <p class='ocr_par' dir='ltr' id='par_1_1' title="bbox 843 1023 1687 1169">
     <span class='ocr_line' id='line_1_1' title="bbox 843 1023 1687 1169; baseline 0.001 -2"><span class='ocrx_word' id='word_1_1' title='bbox 843 1023 1174 1129; x_wconf 44' lang='lat' dir='ltr'>*Q*</span> <span class='ocrx_word' id='word_1_2' title='bbox 1409 1031 1687 1169; x_wconf 66' lang='lat' dir='ltr'>·⁹ar⁹</span> 
     </span>
    </p>
   </div>
   <div class='ocr_carea' id='block_1_2' title="bbox 139 1231 1845 1716">
    <p class='ocr_par' dir='ltr' id='par_1_2' title="bbox 139 1231 1845 1716">
     <span class='ocr_line' id='line_1_2' title="bbox 156 1231 1845 1340; baseline 0.001 -19"><span class='ocrx_word' id='word_1_3' title='bbox 156 1263 161 1272; x_wconf 88' lang='grc'><strong><em>’</em></strong></span> <span class='ocrx_word' id='word_1_4' title='bbox 286 1239 525 1340; x_wconf 54' lang='lat' dir='ltr'>„contrariae</span> <span class='ocrx_word' id='word_1_5' title='bbox 547 1285 551 1290; x_wconf 92' lang='lat'>-</span> <span class='ocrx_word' id='word_1_6' title='bbox 575 1235 658 1315; x_wconf 88' lang='lat' dir='ltr'>NB.</span> <span class='ocrx_word' id='word_1_7' title='bbox 688 1233 751 1334; x_wconf 83' lang='lat' dir='ltr'>Jus</span> <span class='ocrx_word' id='word_1_8' title='bbox 766 1231 927 1312; x_wconf 81' lang='lat' dir='ltr'>secunde</span> <span class='ocrx_word' id='word_1_9' title='bbox 945 1235 1118 1316; x_wconf 79' lang='lat' dir='ltr'>instantia</span> <span class='ocrx_word' id='word_1_10' title='bbox 1134 1235 1214 1332; x_wconf 86' lang='lat' dir='ltr'>iplir</span> <span class='ocrx_word' id='word_1_11' title='bbox 1228 1235 1410 1336; x_wconf 70' lang='lat' dir='ltr'>relidam,</span> <span class='ocrx_word' id='word_1_12' title='bbox 1436 1241 1508 1336; x_wconf 84' lang='lat' dir='ltr'>ita,</span> <span class='ocrx_word' id='word_1_13' title='bbox 1533 1258 1575 1322; x_wconf 87' lang='lat' dir='ltr'>ot</span> <span class='ocrx_word' id='word_1_14' title='bbox 1591 1247 1627 1320; x_wconf 88' lang='lat' dir='ltr'>in</span> <span class='ocrx_word' id='word_1_15' title='bbox 1646 1235 1754 1322; x_wconf 62' lang='grc' dir='ltr'>(ἕπε’</span> <span class='ocrx_word' id='word_1_16' title='bbox 1838 1293 1845 1304; x_wconf 88' lang='lat'><strong>·</strong></span> 
     </span>
     <span class='ocr_line' id='line_1_3' title="bbox 319 1335 1738 1444; baseline 0.002 -26"><span class='ocrx_word' id='word_1_17' title='bbox 319 1345 436 1420; x_wconf 83' lang='lat' dir='ltr'>arania</span> <span class='ocrx_word' id='word_1_18' title='bbox 453 1346 514 1444; x_wconf 70' lang='lat' dir='ltr'>pel</span> <span class='ocrx_word' id='word_1_19' title='bbox 530 1339 574 1416; x_wconf 88' lang='lat' dir='ltr'>ad</span> <span class='ocrx_word' id='word_1_20' title='bbox 591 1359 681 1428; x_wconf 89' lang='lat' dir='ltr'>eos,</span> <span class='ocrx_word' id='word_1_21' title='bbox 709 1337 768 1414; x_wconf 90' lang='lat' dir='ltr'>vel</span> <span class='ocrx_word' id='word_1_22' title='bbox 786 1336 830 1410; x_wconf 86' lang='lat' dir='ltr'>ad</span> <span class='ocrx_word' id='word_1_23' title='bbox 848 1335 1151 1430; x_wconf 81' lang='lat' dir='ltr'>Archiepiscopos</span> <span class='ocrx_word' id='word_1_24' title='bbox 1167 1341 1336 1434; x_wconf 82' lang='lat' dir='ltr'>appellari</span> <span class='ocrx_word' id='word_1_25' title='bbox 1355 1349 1501 1433; x_wconf 80' lang='lat' dir='ltr'>queat.“</span> <span class='ocrx_word' id='word_1_26' title='bbox 1549 1342 1654 1421; x_wconf 90' lang='lat' dir='ltr'>Hanc</span> <span class='ocrx_word' id='word_1_27' title='bbox 1670 1351 1738 1420; x_wconf 88' lang='lat' dir='ltr'>ob·</span> 
     </span>
     <span class='ocr_line' id='line_1_4' title="bbox 139 1389 1797 1531; baseline -0.001 -15"><span class='ocrx_word' id='word_1_28' title='bbox 139 1439 144 1444; x_wconf 78' lang='grc'><strong>’</strong></span> <span class='ocrx_word' id='word_1_29' title='bbox 284 1389 502 1518; x_wconf 61' lang='lat' dir='ltr'>servantiam</span> <span class='ocrx_word' id='word_1_30' title='bbox 527 1434 764 1511; x_wconf 70' lang='lat' dir='ltr'>concordatis</span> <span class='ocrx_word' id='word_1_31' title='bbox 791 1433 861 1510; x_wconf 85' lang='lat' dir='ltr'>elle</span> <span class='ocrx_word' id='word_1_32' title='bbox 888 1437 1105 1508; x_wconf 86' lang='lat' dir='ltr'>contrariam</span> <span class='ocrx_word' id='word_1_33' title='bbox 1126 1455 1277 1531; x_wconf 88' lang='lat' dir='ltr'>propter</span> <span class='ocrx_word' id='word_1_34' title='bbox 1299 1439 1544 1522; x_wconf 85' lang='lat' dir='ltr'>Bafileeosrum</span> <span class='ocrx_word' id='word_1_35' title='bbox 1570 1445 1740 1525; x_wconf 85' lang='lat' dir='ltr'>decreto·</span> <span class='ocrx_word' id='word_1_36' title='bbox 1794 1509 1797 1515; x_wconf 83' lang='lat'>.</span> 
     </span>
     <span class='ocr_line' id='line_1_5' title="bbox 281 1531 1736 1642; baseline 0.002 -28"><span class='ocrx_word' id='word_1_37' title='bbox 281 1563 365 1614; x_wconf 90' lang='lat' dir='ltr'>rum</span> <span class='ocrx_word' id='word_1_38' title='bbox 388 1538 675 1632; x_wconf 76' lang='lat' dir='ltr'><strong>acceptationem</strong></span> <span class='ocrx_word' id='word_1_39' title='bbox 688 1588 703 1627; x_wconf 88' lang='lat'>,</span> <span class='ocrx_word' id='word_1_40' title='bbox 727 1533 838 1612; x_wconf 87' lang='lat' dir='ltr'>nostri</span> <span class='ocrx_word' id='word_1_41' title='bbox 860 1537 1034 1632; x_wconf 85' lang='lat' dir='ltr'>temporis</span> <span class='ocrx_word' id='word_1_42' title='bbox 1051 1531 1263 1630; x_wconf 81' lang='lat' dir='ltr'>figmentum</span> <span class='ocrx_word' id='word_1_43' title='bbox 1283 1536 1356 1632; x_wconf 83' lang='lat' dir='ltr'>est,</span> <span class='ocrx_word' id='word_1_44' title='bbox 1382 1555 1423 1618; x_wconf 91' lang='lat' dir='ltr'>ut</span> <span class='ocrx_word' id='word_1_45' title='bbox 1446 1545 1527 1630; x_wconf 78' lang='lat' dir='ltr'>slat.</span> <span class='ocrx_word' id='word_1_46' title='bbox 1547 1566 1652 1642; x_wconf 81' lang='lat' dir='ltr'>pree.</span> <span class='ocrx_word' id='word_1_47' title='bbox 1674 1543 1736 1618; x_wconf 85' lang='lat' dir='ltr'>dc·</span> 
     </span>
     <span class='ocr_line' id='line_1_6' title="bbox 284 1640 1517 1716; baseline -0.002 -1"><span class='ocrx_word' id='word_1_48' title='bbox 284 1640 577 1716; x_wconf 84' lang='lat' dir='ltr'>monstravimus.</span> <span class='ocrx_word' id='word_1_49' title='bbox 828 1643 831 1650; x_wconf 90' lang='grc'><strong>’</strong></span> <span class='ocrx_word' id='word_1_50' title='bbox 1507 1654 1517 1690; x_wconf 74' lang='lat'>2</span> 
     </span>
    </p>
   </div>
   <div class='ocr_carea' id='block_1_3' title="bbox 186 1953 1762 2654">
    <p class='ocr_par' dir='ltr' id='par_1_3' title="bbox 213 1953 1737 2547">
     <span class='ocr_line' id='line_1_7' title="bbox 432 1953 1737 2067; baseline 0.005 -31"><span class='ocrx_word' id='word_1_51' title='bbox 432 1956 678 2067; x_wconf 83' lang='lat' dir='ltr'><strong>Quamobrem</strong></span> <span class='ocrx_word' id='word_1_52' title='bbox 708 1955 902 2034; x_wconf 86' lang='lat' dir='ltr'>neceli&#39;ario</span> <span class='ocrx_word' id='word_1_53' title='bbox 930 1953 1024 2030; x_wconf 89' lang='lat' dir='ltr'>hanc</span> <span class='ocrx_word' id='word_1_54' title='bbox 1050 1953 1165 2029; x_wconf 88' lang='lat' dir='ltr'>fluere</span> <span class='ocrx_word' id='word_1_55' title='bbox 1193 1953 1484 2049; x_wconf 81' lang='lat' dir='ltr'>consequentiam</span> <span class='ocrx_word' id='word_1_56' title='bbox 1512 1963 1737 2042; x_wconf 84' lang='lat' dir='ltr'>manifestum</span> 
     </span>
     <span class='ocr_line' id='line_1_8' title="bbox 284 2053 1737 2157; baseline -0.008 -7"><span class='ocrx_word' id='word_1_57' title='bbox 284 2059 359 2149; x_wconf 63' lang='lat' dir='ltr'>esta</span> <span class='ocrx_word' id='word_1_58' title='bbox 385 2060 690 2154; x_wconf 80' lang='lat' dir='ltr'>srlirchiepiscopi</span> <span class='ocrx_word' id='word_1_59' title='bbox 704 2061 934 2150; x_wconf 75' lang='lat' dir='ltr'>juanovum,</span> <span class='ocrx_word' id='word_1_60' title='bbox 963 2053 1062 2145; x_wconf 89' lang='lat' dir='ltr'>quod</span> <span class='ocrx_word' id='word_1_61' title='bbox 1077 2053 1241 2130; x_wconf 88' lang='lat' dir='ltr'>nondum</span> <span class='ocrx_word' id='word_1_62' title='bbox 1256 2057 1337 2150; x_wconf 86' lang='lat' dir='ltr'>ipfia</span> <span class='ocrx_word' id='word_1_63' title='bbox 1354 2063 1550 2153; x_wconf 84' lang='lat' dir='ltr'>competit,</span> <span class='ocrx_word' id='word_1_64' title='bbox 1578 2069 1737 2157; x_wconf 90' lang='lat' dir='ltr'>acquire·</span> 
     </span>
     <span class='ocr_line' id='line_1_9' title="bbox 213 2149 1733 2260; baseline 0.002 -25"><span class='ocrx_word' id='word_1_65' title='bbox 213 2217 217 2224; x_wconf 82' lang='lat'><em>.</em></span> <span class='ocrx_word' id='word_1_66' title='bbox 281 2183 325 2250; x_wconf 85' lang='lat' dir='ltr'>re</span> <span class='ocrx_word' id='word_1_67' title='bbox 354 2169 491 2252; x_wconf 85' lang='lat' dir='ltr'>velint,</span> <span class='ocrx_word' id='word_1_68' title='bbox 529 2179 610 2233; x_wconf 89' lang='lat' dir='ltr'>cum</span> <span class='ocrx_word' id='word_1_69' title='bbox 641 2160 688 2231; x_wconf 82' lang='lat' dir='ltr'>de</span> <span class='ocrx_word' id='word_1_70' title='bbox 705 2156 907 2252; x_wconf 82' lang='lat' dir='ltr'>¹spontanea</span> <span class='ocrx_word' id='word_1_71' title='bbox 927 2149 1093 2250; x_wconf 24' lang='lat' dir='ltr'>&#39;ccffionc</span> <span class='ocrx_word' id='word_1_72' title='bbox 1118 2154 1178 2227; x_wconf 92' lang='lat' dir='ltr'>hic</span> <span class='ocrx_word' id='word_1_73' title='bbox 1208 2156 1322 2252; x_wconf 86' lang='lat' dir='ltr'>agitur</span> <span class='ocrx_word' id='word_1_74' title='bbox 1348 2155 1382 2228; x_wconf 78' lang='lat' dir='ltr'>dr</span> <span class='ocrx_word' id='word_1_75' title='bbox 1410 2155 1561 2252; x_wconf 84' lang='lat' dir='ltr'>supremi</span> <span class='ocrx_word' id='word_1_76' title='bbox 1590 2164 1733 2260; x_wconf 80' lang='lat' dir='ltr'>iudicia,</span> 
     </span>
     <span class='ocr_line' id='line_1_10' title="bbox 284 2252 1736 2362; baseline 0.001 -28"><span class='ocrx_word' id='word_1_77' title='bbox 284 2263 346 2354; x_wconf 89' lang='lat' dir='ltr'>qui</span> <span class='ocrx_word' id='word_1_78' title='bbox 363 2287 383 2338; x_wconf 84' lang='lat' dir='ltr'>a</span> <span class='ocrx_word' id='word_1_79' title='bbox 400 2261 561 2362; x_wconf 85' lang='lat' dir='ltr'>legitimo</span> <span class='ocrx_word' id='word_1_80' title='bbox 579 2255 628 2331; x_wconf 85' lang='lat' dir='ltr'>sui</span> <span class='ocrx_word' id='word_1_81' title='bbox 642 2259 730 2350; x_wconf 85' lang='lat' dir='ltr'>juris</span> <span class='ocrx_word' id='word_1_82' title='bbox 748 2256 922 2340; x_wconf 84' lang='lat' dir='ltr'>exercitio</span> <span class='ocrx_word' id='word_1_83' title='bbox 939 2254 1000 2324; x_wconf 86' lang='lat' dir='ltr'>vel</span> <span class='ocrx_word' id='word_1_84' title='bbox 1019 2275 1083 2347; x_wconf 91' lang='lat' dir='ltr'>per</span> <span class='ocrx_word' id='word_1_85' title='bbox 1100 2253 1147 2342; x_wconf 87' lang='lat' dir='ltr'>se,</span> <span class='ocrx_word' id='word_1_86' title='bbox 1173 2257 1232 2326; x_wconf 84' lang='lat' dir='ltr'>vel</span> <span class='ocrx_word' id='word_1_87' title='bbox 1251 2275 1315 2349; x_wconf 85' lang='lat' dir='ltr'>per</span> <span class='ocrx_word' id='word_1_88' title='bbox 1331 2252 1429 2329; x_wconf 89' lang='lat' dir='ltr'>suom</span> <span class='ocrx_word' id='word_1_89' title='bbox 1441 2258 1654 2356; x_wconf 87' lang='lat' dir='ltr'>Delegatum</span> <span class='ocrx_word' id='word_1_90' title='bbox 1669 2264 1736 2336; x_wconf 90' lang='lat' dir='ltr'>im-</span> 
     </span>
     <span class='ocr_line' id='line_1_11' title="bbox 280 2349 1735 2454; baseline -0.001 -19"><span class='ocrx_word' id='word_1_91' title='bbox 280 2363 440 2438; x_wconf 84' lang='lat' dir='ltr'>mediate</span> <span class='ocrx_word' id='word_1_92' title='bbox 465 2367 499 2434; x_wconf 87' lang='lat' dir='ltr'>in</span> <span class='ocrx_word' id='word_1_93' title='bbox 522 2361 720 2454; x_wconf 77' lang='lat' dir='ltr'><em>appellatorio</em></span> <span class='ocrx_word' id='word_1_94' title='bbox 748 2377 768 2428; x_wconf 86' lang='lat' dir='ltr'>a</span> <span class='ocrx_word' id='word_1_95' title='bbox 796 2356 905 2450; x_wconf 89' lang='lat' dir='ltr'>prima</span> <span class='ocrx_word' id='word_1_96' title='bbox 930 2349 1094 2425; x_wconf 88' lang='lat' dir='ltr'>instantia</span> <span class='ocrx_word' id='word_1_97' title='bbox 1113 2351 1297 2444; x_wconf 77' lang='lat' dir='ltr'>iudicandi</span> <span class='ocrx_word' id='word_1_98' title='bbox 1322 2360 1511 2447; x_wconf 86' lang='lat' dir='ltr'>promittat</span> <span class='ocrx_word' id='word_1_99' title='bbox 1538 2360 1735 2449; x_wconf 88' lang='lat' dir='ltr'>abstinere;</span> 
     </span>
     <span class='ocr_line' id='line_1_12' title="bbox 231 2449 1735 2547; baseline -0.002 -15"><span class='ocrx_word' id='word_1_100' title='bbox 231 2508 238 2520; x_wconf 29' lang='grc' dir='ltr'><strong>κ</strong></span> <span class='ocrx_word' id='word_1_101' title='bbox 283 2459 321 2532; x_wconf 74' lang='lat' dir='ltr'>oa</span> <span class='ocrx_word' id='word_1_102' title='bbox 341 2461 561 2536; x_wconf 85' lang='lat' dir='ltr'>subditorum</span> <span class='ocrx_word' id='word_1_103' title='bbox 584 2453 807 2545; x_wconf 83' lang='lat' dir='ltr'>Germaniae,</span> <span class='ocrx_word' id='word_1_104' title='bbox 833 2458 892 2546; x_wconf 87' lang='lat' dir='ltr'>qai</span> <span class='ocrx_word' id='word_1_105' title='bbox 909 2455 989 2544; x_wconf 86' lang='lat' dir='ltr'>jore</span> <span class='ocrx_word' id='word_1_106' title='bbox 1009 2449 1072 2522; x_wconf 89' lang='lat' dir='ltr'>suo</span> <span class='ocrx_word' id='word_1_107' title='bbox 1095 2449 1128 2524; x_wconf 87' lang='lat' dir='ltr'>sc</span> <span class='ocrx_word' id='word_1_108' title='bbox 1150 2451 1321 2526; x_wconf 83' lang='lat' dir='ltr'>abdicent</span> <span class='ocrx_word' id='word_1_109' title='bbox 1340 2453 1384 2525; x_wconf 90' lang='lat' dir='ltr'>ad</span> <span class='ocrx_word' id='word_1_110' title='bbox 1404 2453 1603 2547; x_wconf 86' lang='lat' dir='ltr'>supremum</span> <span class='ocrx_word' id='word_1_111' title='bbox 1619 2455 1735 2530; x_wconf 89' lang='lat' dir='ltr'>Pasto-</span> 
     </span>
    </p>

    <p class='ocr_par' dir='ltr' id='par_1_4' title="bbox 186 2542 1762 2654">
     <span class='ocr_line' id='line_1_13' title="bbox 186 2542 1762 2654; baseline -0.001 -21"><span class='ocrx_word' id='word_1_112' title='bbox 186 2546 190 2554; x_wconf 69' lang='grc'>’</span> <span class='ocrx_word' id='word_1_113' title='bbox 280 2542 361 2633; x_wconf 77' lang='lat' dir='ltr'>rem</span> <span class='ocrx_word' id='word_1_114' title='bbox 378 2565 474 2654; x_wconf 85' lang='lat' dir='ltr'>prius</span> <span class='ocrx_word' id='word_1_115' title='bbox 491 2553 744 2648; x_wconf 83' lang='lat' dir='ltr'>confugiendi,</span> <span class='ocrx_word' id='word_1_116' title='bbox 770 2555 878 2646; x_wconf 81' lang='lat' dir='ltr'>quani</span> <span class='ocrx_word' id='word_1_117' title='bbox 894 2548 1257 2640; x_wconf 89' lang='lat' dir='ltr'>Archiepiscoporom</span> <span class='ocrx_word' id='word_1_118' title='bbox 1270 2551 1403 2644; x_wconf 91' lang='lat' dir='ltr'>judicia</span> <span class='ocrx_word' id='word_1_119' title='bbox 1421 2558 1561 2647; x_wconf 85' lang='lat' dir='ltr'>experti</span> <span class='ocrx_word' id='word_1_120' title='bbox 1578 2555 1735 2651; x_wconf 81' lang='lat' dir='ltr'>fuerint3</span> <span class='ocrx_word' id='word_1_121' title='bbox 1757 2575 1762 2584; x_wconf 87' lang='grc'><strong><em>·</em></strong></span> 
     </span>
    </p>
   </div>
   <div class='ocr_carea' id='block_1_4' title="bbox 279 2645 1880 2745">
    <p class='ocr_par' dir='ltr' id='par_1_5' title="bbox 279 2645 1880 2745">
     <span class='ocr_line' id='line_1_14' title="bbox 279 2645 1880 2745; baseline -0.003 -13"><span class='ocrx_word' id='word_1_122' title='bbox 279 2659 328 2732; x_wconf 84' lang='lat' dir='ltr'>ad</span> <span class='ocrx_word' id='word_1_123' title='bbox 353 2659 390 2732; x_wconf 93' lang='lat' dir='ltr'>id</span> <span class='ocrx_word' id='word_1_124' title='bbox 412 2651 702 2745; x_wconf 85' lang='lat' dir='ltr'>consequendum</span> <span class='ocrx_word' id='word_1_125' title='bbox 727 2653 792 2723; x_wconf 90' lang='lat' dir='ltr'>alia</span> <span class='ocrx_word' id='word_1_126' title='bbox 821 2668 897 2725; x_wconf 89' lang='lat' dir='ltr'>non</span> <span class='ocrx_word' id='word_1_127' title='bbox 919 2645 1075 2735; x_wconf 87' lang='lat' dir='ltr'>superest</span> <span class='ocrx_word' id='word_1_128' title='bbox 1095 2649 1154 2719; x_wconf 90' lang='lat' dir='ltr'>via</span> <span class='ocrx_word' id='word_1_129' title='bbox 1175 2663 1304 2740; x_wconf 88' lang='lat' dir='ltr'>praeter</span> <span class='ocrx_word' id='word_1_130' title='bbox 1328 2647 1619 2743; x_wconf 84' lang='lat' dir='ltr'>pacificamcom</span> <span class='ocrx_word' id='word_1_131' title='bbox 1642 2671 1737 2728; x_wconf 90' lang='lat' dir='ltr'>utra·</span> <span class='ocrx_word' id='word_1_132' title='bbox 1875 2671 1880 2685; x_wconf 75' lang='grc'><em>’</em></span> 
     </span>
    </p>
   </div>
   <div class='ocr_carea' id='block_1_5' title="bbox 275 2741 1791 3349">
    <p class='ocr_par' dir='ltr' id='par_1_6' title="bbox 275 2741 1791 3349">
     <span class='ocr_line' id='line_1_15' title="bbox 279 2741 1735 2853; baseline -0.002 -21"><span class='ocrx_word' id='word_1_133' title='bbox 279 2779 354 2852; x_wconf 89' lang='lat' dir='ltr'>que</span> <span class='ocrx_word' id='word_1_134' title='bbox 378 2772 504 2853; x_wconf 83' lang='lat' dir='ltr'>parte,</span> <span class='ocrx_word' id='word_1_135' title='bbox 542 2771 619 2844; x_wconf 83' lang='lat' dir='ltr'>quae</span> <span class='ocrx_word' id='word_1_136' title='bbox 642 2750 700 2825; x_wconf 87' lang='lat' dir='ltr'>sua</span> <span class='ocrx_word' id='word_1_137' title='bbox 720 2749 877 2846; x_wconf 84' lang='lat' dir='ltr'>legitima</span> <span class='ocrx_word' id='word_1_138' title='bbox 898 2741 1109 2841; x_wconf 82' lang='lat' dir='ltr'>poliellione</span> <span class='ocrx_word' id='word_1_139' title='bbox 1130 2745 1257 2835; x_wconf 86' lang='lat' dir='ltr'>cedat,</span> <span class='ocrx_word' id='word_1_140' title='bbox 1296 2748 1609 2841; x_wconf 82' lang='lat' dir='ltr'>compositionem.</span> <span class='ocrx_word' id='word_1_141' title='bbox 1660 2753 1735 2830; x_wconf 84' lang='lat' dir='ltr'>Rea</span> 
     </span>
     <span class='ocr_line' id='line_1_16' title="bbox 280 2844 1736 2945; baseline -0.001 -14"><span class='ocrx_word' id='word_1_142' title='bbox 280 2877 327 2930; x_wconf 88' lang='lat' dir='ltr'>ea</span> <span class='ocrx_word' id='word_1_143' title='bbox 348 2871 446 2930; x_wconf 89' lang='lat' dir='ltr'>certe</span> <span class='ocrx_word' id='word_1_144' title='bbox 467 2853 510 2928; x_wconf 91' lang='lat' dir='ltr'>ad</span> <span class='ocrx_word' id='word_1_145' title='bbox 527 2849 671 2945; x_wconf 88' lang='lat' dir='ltr'>Imperii</span> <span class='ocrx_word' id='word_1_146' title='bbox 688 2847 840 2921; x_wconf 75' lang='lat' dir='ltr'>Diaetam</span> <span class='ocrx_word' id='word_1_147' title='bbox 861 2861 937 2920; x_wconf 87' lang='lat' dir='ltr'>non</span> <span class='ocrx_word' id='word_1_148' title='bbox 955 2844 1134 2937; x_wconf 90' lang='lat' dir='ltr'>pertinet,</span> <span class='ocrx_word' id='word_1_149' title='bbox 1171 2860 1244 2932; x_wconf 77' lang='lat' dir='ltr'>cert</span> <span class='ocrx_word' id='word_1_150' title='bbox 1259 2845 1304 2919; x_wconf 91' lang='lat' dir='ltr'>ad</span> <span class='ocrx_word' id='word_1_151' title='bbox 1323 2847 1478 2922; x_wconf 88' lang='lat' dir='ltr'>tribunal</span> <span class='ocrx_word' id='word_1_152' title='bbox 1497 2872 1565 2944; x_wconf 91' lang='lat' dir='ltr'>pro</span> <span class='ocrx_word' id='word_1_153' title='bbox 1585 2851 1736 2930; x_wconf 87' lang='lat' dir='ltr'>ferenda</span> 
     </span>
     <span class='ocr_line' id='line_1_17' title="bbox 275 2940 1791 3051; baseline -0.001 -23"><span class='ocrx_word' id='word_1_154' title='bbox 275 2955 404 3051; x_wconf 85' lang='lat' dir='ltr'>judicii</span> <span class='ocrx_word' id='word_1_155' title='bbox 423 2954 619 3038; x_wconf 89' lang='lat' dir='ltr'>sententia;</span> <span class='ocrx_word' id='word_1_156' title='bbox 646 2959 802 3022; x_wconf 88' lang='lat' dir='ltr'>attamen</span> <span class='ocrx_word' id='word_1_157' title='bbox 820 2945 906 3018; x_wconf 88' lang='lat' dir='ltr'>illuc</span> <span class='ocrx_word' id='word_1_158' title='bbox 923 2940 1069 3016; x_wconf 91' lang='lat' dir='ltr'>videtur</span> <span class='ocrx_word' id='word_1_159' title='bbox 1085 2941 1185 3034; x_wconf 84' lang='lat' dir='ltr'>polle</span> <span class='ocrx_word' id='word_1_160' title='bbox 1201 2944 1345 3035; x_wconf 85' lang='lat' dir='ltr'>deferri,</span> <span class='ocrx_word' id='word_1_161' title='bbox 1375 2961 1553 3038; x_wconf 89' lang='lat' dir='ltr'>tamquam</span> <span class='ocrx_word' id='word_1_162' title='bbox 1571 2949 1616 3024; x_wconf 87' lang='lat' dir='ltr'>ad</span> <span class='ocrx_word' id='word_1_163' title='bbox 1632 2949 1732 3026; x_wconf 88' lang='lat' dir='ltr'>Con·</span> <span class='ocrx_word' id='word_1_164' title='bbox 1788 2978 1791 2984; x_wconf 90' lang='lat'>·</span> 
     </span>
     <span class='ocr_line' id='line_1_18' title="bbox 278 3039 1733 3146; baseline -0.003 -16"><span class='ocrx_word' id='word_1_165' title='bbox 278 3055 395 3130; x_wconf 82' lang='lat' dir='ltr'>salium</span> <span class='ocrx_word' id='word_1_166' title='bbox 414 3073 481 3146; x_wconf 87' lang='lat' dir='ltr'>pro</span> <span class='ocrx_word' id='word_1_167' title='bbox 499 3049 759 3124; x_wconf 86' lang='lat' dir='ltr'>deliberatione</span> <span class='ocrx_word' id='word_1_168' title='bbox 775 3039 1013 3129; x_wconf 82' lang='lat' dir='ltr'>instituenda,</span> <span class='ocrx_word' id='word_1_169' title='bbox 1038 3063 1125 3114; x_wconf 90' lang='lat' dir='ltr'>num</span> <span class='ocrx_word' id='word_1_170' title='bbox 1141 3041 1220 3136; x_wconf 84' lang='lat' dir='ltr'>ipsas</span> <span class='ocrx_word' id='word_1_171' title='bbox 1235 3042 1377 3138; x_wconf 88' lang='lat' dir='ltr'>imperii</span> <span class='ocrx_word' id='word_1_172' title='bbox 1396 3043 1556 3122; x_wconf 86' lang='lat' dir='ltr'>Partibus</span> <span class='ocrx_word' id='word_1_173' title='bbox 1572 3049 1606 3120; x_wconf 91' lang='lat' dir='ltr'>id</span> <span class='ocrx_word' id='word_1_174' title='bbox 1625 3071 1733 3144; x_wconf 81' lang='lat' dir='ltr'>expe·</span> 
     </span>
     <span class='ocr_line' id='line_1_19' title="bbox 280 3139 1778 3247; baseline 0 -23"><span class='ocrx_word' id='word_1_175' title='bbox 280 3151 360 3224; x_wconf 89' lang='lat' dir='ltr'>dire</span> <span class='ocrx_word' id='word_1_176' title='bbox 383 3150 566 3221; x_wconf 87' lang='lat' dir='ltr'>videatur:</span> <span class='ocrx_word' id='word_1_177' title='bbox 593 3145 691 3237; x_wconf 90' lang='lat' dir='ltr'>qood</span> <span class='ocrx_word' id='word_1_178' title='bbox 713 3145 736 3217; x_wconf 86' lang='lat' dir='ltr'>fi</span> <span class='ocrx_word' id='word_1_179' title='bbox 757 3145 827 3230; x_wconf 83' lang='lat' dir='ltr'>ita3</span> <span class='ocrx_word' id='word_1_180' title='bbox 853 3141 1041 3238; x_wconf 89' lang='lat' dir='ltr'>quomodo</span> <span class='ocrx_word' id='word_1_181' title='bbox 1063 3161 1144 3213; x_wconf 92' lang='lat' dir='ltr'>cum</span> <span class='ocrx_word' id='word_1_182' title='bbox 1167 3139 1226 3214; x_wconf 91' lang='lat' dir='ltr'>sua</span> <span class='ocrx_word' id='word_1_183' title='bbox 1245 3142 1441 3236; x_wconf 83' lang='lat' dir='ltr'>apostolica</span> <span class='ocrx_word' id='word_1_184' title='bbox 1459 3145 1651 3226; x_wconf 76' lang='lat' dir='ltr'>Sansiitate</span> <span class='ocrx_word' id='word_1_185' title='bbox 1672 3171 1733 3247; x_wconf 81' lang='lat' dir='ltr'>pa·</span> <span class='ocrx_word' id='word_1_186' title='bbox 1774 3158 1778 3164; x_wconf 82' lang='grc'>’</span> 
     </span>
     <span class='ocr_line' id='line_1_20' title="bbox 281 3237 1510 3349; baseline -0.002 -27"><span class='ocrx_word' id='word_1_187' title='bbox 281 3246 392 3326; x_wconf 87' lang='lat' dir='ltr'>cilico</span> <span class='ocrx_word' id='word_1_188' title='bbox 412 3245 526 3326; x_wconf 87' lang='lat' dir='ltr'>modo</span> <span class='ocrx_word' id='word_1_189' title='bbox 546 3243 588 3321; x_wconf 90' lang='lat' dir='ltr'>lit</span> <span class='ocrx_word' id='word_1_190' title='bbox 606 3242 883 3342; x_wconf 81' lang='lat' dir='ltr'>transigendam.</span> <span class='ocrx_word' id='word_1_191' title='bbox 933 3237 1405 3349; x_wconf 74' lang='lat' dir='ltr'>Capitul.caesar.nrt.14‚</span> <span class='ocrx_word' id='word_1_192' title='bbox 1430 3248 1510 3338; x_wconf 61' lang='grc' dir='ltr'>Μ.</span> 
     </span>
    </p>
   </div>
   <div class='ocr_carea' id='block_1_6' title="bbox 936 3425 1216 3540">
    <p class='ocr_par' dir='ltr' id='par_1_7' title="bbox 936 3425 1216 3540">
     <span class='ocr_line' id='line_1_21' title="bbox 936 3425 1216 3540; baseline 0 -24"><span class='ocrx_word' id='word_1_193' title='bbox 936 3425 973 3540; x_wconf 70' lang='lat' dir='ltr'>i.</span> <span class='ocrx_word' id='word_1_194' title='bbox 1007 3447 1073 3517; x_wconf 88' lang='lat' dir='ltr'>ro.</span> <span class='ocrx_word' id='word_1_195' title='bbox 1199 3479 1216 3500; x_wconf 65' lang='lat'><strong><em>,</em></strong></span> 
     </span>
    </p>
   </div>
   <div class='ocr_carea' id='block_1_7' title="bbox 276 3530 1734 3866">
    <p class='ocr_par' dir='ltr' id='par_1_8' title="bbox 276 3530 1734 3866">
     <span class='ocr_line' id='line_1_22' title="bbox 292 3530 1734 3670; baseline -0.003 -19"><span class='ocrx_word' id='word_1_196' title='bbox 292 3578 322 3602; x_wconf 84' lang='grc'>“’</span> <span class='ocrx_word' id='word_1_197' title='bbox 425 3573 482 3650; x_wconf 81' lang='lat' dir='ltr'>Ex</span> <span class='ocrx_word' id='word_1_198' title='bbox 503 3573 561 3652; x_wconf 88' lang='lat' dir='ltr'>his</span> <span class='ocrx_word' id='word_1_199' title='bbox 578 3555 790 3667; x_wconf 81' lang='lat' dir='ltr'>tranqaillus</span> <span class='ocrx_word' id='word_1_200' title='bbox 809 3553 941 3644; x_wconf 80' lang='lat' dir='ltr'>Lesior</span> <span class='ocrx_word' id='word_1_201' title='bbox 955 3570 1028 3662; x_wconf 82' lang='lat' dir='ltr'>iam</span> <span class='ocrx_word' id='word_1_202' title='bbox 1049 3530 1271 3662; x_wconf 85' lang='lat' dir='ltr'>concludat,</span> <span class='ocrx_word' id='word_1_203' title='bbox 1298 3569 1383 3664; x_wconf 88' lang='lat' dir='ltr'>quid</span> <span class='ocrx_word' id='word_1_204' title='bbox 1410 3589 1496 3670; x_wconf 81' lang='lat' dir='ltr'>ergo</span> <span class='ocrx_word' id='word_1_205' title='bbox 1520 3569 1565 3646; x_wconf 90' lang='lat' dir='ltr'>de</span> <span class='ocrx_word' id='word_1_206' title='bbox 1586 3569 1734 3648; x_wconf 82' lang='lat' dir='ltr'>Articu-</span> 
     </span>
     <span class='ocr_line' id='line_1_23' title="bbox 276 3669 1733 3766; baseline -0.005 -12"><span class='ocrx_word' id='word_1_207' title='bbox 276 3682 319 3754; x_wconf 91' lang='lat' dir='ltr'>lo</span> <span class='ocrx_word' id='word_1_208' title='bbox 342 3697 387 3753; x_wconf 84' lang='lat' dir='ltr'>aa</span> <span class='ocrx_word' id='word_1_209' title='bbox 410 3672 551 3750; x_wconf 84' lang='lat' dir='ltr'>Emsani</span> <span class='ocrx_word' id='word_1_210' title='bbox 573 3677 610 3748; x_wconf 91' lang='lat' dir='ltr'>in</span> <span class='ocrx_word' id='word_1_211' title='bbox 631 3675 767 3748; x_wconf 90' lang='lat' dir='ltr'>Balneo</span> <span class='ocrx_word' id='word_1_212' title='bbox 788 3686 994 3745; x_wconf 88' lang='lat' dir='ltr'>conventus</span> <span class='ocrx_word' id='word_1_213' title='bbox 1014 3669 1057 3743; x_wconf 87' lang='lat' dir='ltr'>srt</span> <span class='ocrx_word' id='word_1_214' title='bbox 1076 3669 1319 3762; x_wconf 86' lang='lat' dir='ltr'>judicandum.</span> <span class='ocrx_word' id='word_1_215' title='bbox 1371 3670 1534 3764; x_wconf 83' lang='lat' dir='ltr'>Inprimis</span> <span class='ocrx_word' id='word_1_216' title='bbox 1556 3674 1733 3766; x_wconf 85' lang='lat' dir='ltr'>generali·</span> 
     </span>
     <span class='ocr_line' id='line_1_24' title="bbox 277 3767 1727 3866; baseline -0.001 -18"><span class='ocrx_word' id='word_1_217' title='bbox 277 3791 335 3848; x_wconf 91' lang='lat' dir='ltr'>ter</span> <span class='ocrx_word' id='word_1_218' title='bbox 354 3778 468 3866; x_wconf 81' lang='lat' dir='ltr'>absque</span> <span class='ocrx_word' id='word_1_219' title='bbox 488 3780 553 3848; x_wconf 84' lang='lat' dir='ltr'>ulla</span> <span class='ocrx_word' id='word_1_220' title='bbox 572 3774 760 3860; x_wconf 66' lang='lat' dir='ltr'>distinetione</span> <span class='ocrx_word' id='word_1_221' title='bbox 783 3791 909 3844; x_wconf 89' lang='lat' dir='ltr'>omnes</span> <span class='ocrx_word' id='word_1_222' title='bbox 931 3767 1056 3844; x_wconf 84' lang='lat' dir='ltr'>caassae</span> <span class='ocrx_word' id='word_1_223' title='bbox 1074 3771 1112 3842; x_wconf 93' lang='lat' dir='ltr'>in</span> <span class='ocrx_word' id='word_1_224' title='bbox 1134 3767 1290 3860; x_wconf 90' lang='lat' dir='ltr'>lmperio</span> <span class='ocrx_word' id='word_1_225' title='bbox 1314 3768 1357 3843; x_wconf 89' lang='lat' dir='ltr'>ad</span> <span class='ocrx_word' id='word_1_226' title='bbox 1376 3774 1433 3861; x_wconf 82' lang='lat' dir='ltr'>jos</span> <span class='ocrx_word' id='word_1_227' title='bbox 1452 3771 1727 3847; x_wconf 76' lang='lat' dir='ltr'>ecclesiasticum</span> 
     </span>
    </p>
   </div>
   <div class='ocr_carea' id='block_1_8' title="bbox 146 3866 1730 3968">
    <p class='ocr_par' dir='ltr' id='par_1_9' title="bbox 146 3866 1730 3968">
     <span class='ocr_line' id='line_1_25' title="bbox 146 3866 1730 3968; baseline -0.001 -24"><span class='ocrx_word' id='word_1_228' title='bbox 146 3903 155 3910; x_wconf 95' lang='lat'>·</span> <span class='ocrx_word' id='word_1_229' title='bbox 275 3875 501 3968; x_wconf 81' lang='lat' dir='ltr'>pertinentes</span> <span class='ocrx_word' id='word_1_230' title='bbox 518 3873 665 3962; x_wconf 76' lang='lat' dir='ltr'>primm,</span> <span class='ocrx_word' id='word_1_231' title='bbox 706 3871 767 3950; x_wconf 82' lang='lat' dir='ltr'>vel</span> <span class='ocrx_word' id='word_1_232' title='bbox 791 3872 1020 3942; x_wconf 87' lang='lat' dir='ltr'>concurrenti</span> <span class='ocrx_word' id='word_1_233' title='bbox 1045 3870 1245 3964; x_wconf 83' lang='lat' dir='ltr'>cognitioni</span> <span class='ocrx_word' id='word_1_234' title='bbox 1266 3870 1387 3942; x_wconf 89' lang='lat' dir='ltr'>summi</span> <span class='ocrx_word' id='word_1_235' title='bbox 1405 3866 1592 3947; x_wconf 89' lang='lat' dir='ltr'>Pontificis</span> <span class='ocrx_word' id='word_1_236' title='bbox 1613 3875 1730 3963; x_wconf 88' lang='lat' dir='ltr'>eripe·</span> 
     </span>
    </p>
   </div>
   <div class='ocr_carea' id='block_1_9' title="bbox 171 3964 1729 4164">
    <p class='ocr_par' dir='ltr' id='par_1_10' title="bbox 171 3964 1729 4164">
     <span class='ocr_line' id='line_1_26' title="bbox 252 3964 1729 4064; baseline -0.005 -18"><span class='ocrx_word' id='word_1_237' title='bbox 252 3981 259 3985; x_wconf 83' lang='grc'><em>’</em></span> <span class='ocrx_word' id='word_1_238' title='bbox 276 3985 423 4060; x_wconf 85' lang='lat' dir='ltr'>rentur,</span> <span class='ocrx_word' id='word_1_239' title='bbox 458 3967 556 4062; x_wconf 91' lang='lat' dir='ltr'>quod</span> <span class='ocrx_word' id='word_1_240' title='bbox 577 3987 695 4058; x_wconf 88' lang='lat' dir='ltr'>neque</span> <span class='ocrx_word' id='word_1_241' title='bbox 711 3964 1010 4054; x_wconf 85' lang='lat' dir='ltr'>Constanticnsra‚</span> <span class='ocrx_word' id='word_1_242' title='bbox 1045 3965 1252 4062; x_wconf 82' lang='lat' dir='ltr'>nequcipsa</span> <span class='ocrx_word' id='word_1_243' title='bbox 1266 3967 1470 4042; x_wconf 85' lang='lat' dir='ltr'>Bafilccnsrs</span> <span class='ocrx_word' id='word_1_244' title='bbox 1486 3968 1655 4064; x_wconf 83' lang='lat' dir='ltr'>Synodus</span> <span class='ocrx_word' id='word_1_245' title='bbox 1675 3967 1729 4040; x_wconf 83' lang='lat' dir='ltr'>se·</span> 
     </span>
     <span class='ocr_line' id='line_1_27' title="bbox 171 4060 1725 4164; baseline -0.009 -13"><span class='ocrx_word' id='word_1_246' title='bbox 171 4143 175 4151; x_wconf 85' lang='lat'><em>.</em></span> <span class='ocrx_word' id='word_1_247' title='bbox 280 4073 350 4161; x_wconf 84' lang='lat' dir='ltr'>cit,</span> <span class='ocrx_word' id='word_1_248' title='bbox 397 4068 455 4142; x_wconf 90' lang='lat' dir='ltr'>sed</span> <span class='ocrx_word' id='word_1_249' title='bbox 476 4083 626 4159; x_wconf 87' lang='lat' dir='ltr'>utraque</span> <span class='ocrx_word' id='word_1_250' title='bbox 646 4060 764 4162; x_wconf 79' lang='lat' dir='ltr'>coaffirr</span> <span class='ocrx_word' id='word_1_251' title='bbox 783 4067 915 4164; x_wconf 78' lang='lat' dir='ltr'>majores</span> <span class='ocrx_word' id='word_1_252' title='bbox 936 4067 972 4138; x_wconf 90' lang='lat' dir='ltr'>in</span> <span class='ocrx_word' id='word_1_253' title='bbox 990 4067 1071 4157; x_wconf 84' lang='lat' dir='ltr'>jure</span> <span class='ocrx_word' id='word_1_254' title='bbox 1088 4061 1255 4160; x_wconf 67' lang='lat' dir='ltr'>‘express&#39;o</span> <span class='ocrx_word' id='word_1_255' title='bbox 1276 4082 1520 4155; x_wconf 85' lang='lat' dir='ltr'>enumeratas,</span> <span class='ocrx_word' id='word_1_256' title='bbox 1564 4081 1626 4139; x_wconf 87' lang='lat' dir='ltr'>aut</span> <span class='ocrx_word' id='word_1_257' title='bbox 1646 4087 1725 4156; x_wconf 83' lang='lat' dir='ltr'>qoae</span> 
     </span>
    </p>
   </div>
   <div class='ocr_carea' id='block_1_10' title="bbox 140 4159 1731 4265">
    <p class='ocr_par' dir='ltr' id='par_1_11' title="bbox 140 4159 1731 4265">
     <span class='ocr_line' id='line_1_28' title="bbox 140 4159 1731 4265; baseline -0.006 -19"><span class='ocrx_word' id='word_1_258' title='bbox 140 4163 145 4170; x_wconf 77' lang='grc'><strong><em>’</em></strong></span> <span class='ocrx_word' id='word_1_259' title='bbox 280 4173 314 4244; x_wconf 83' lang='lat' dir='ltr'>le</span> <span class='ocrx_word' id='word_1_260' title='bbox 331 4171 390 4265; x_wconf 81' lang='lat' dir='ltr'>sara</span> <span class='ocrx_word' id='word_1_261' title='bbox 409 4185 524 4243; x_wconf 84' lang='lat' dir='ltr'>antara</span> <span class='ocrx_word' id='word_1_262' title='bbox 546 4165 640 4262; x_wconf 88' lang='lat' dir='ltr'>apud</span> <span class='ocrx_word' id='word_1_263' title='bbox 661 4159 873 4237; x_wconf 87' lang='lat' dir='ltr'>Pontificem</span> <span class='ocrx_word' id='word_1_264' title='bbox 896 4163 1085 4237; x_wconf 76' lang='lat' dir='ltr'>traiiandae</span> <span class='ocrx_word' id='word_1_265' title='bbox 1104 4167 1202 4256; x_wconf 88' lang='lat' dir='ltr'>sont,</span> <span class='ocrx_word' id='word_1_266' title='bbox 1230 4165 1387 4254; x_wconf 77' lang='lat' dir='ltr'>admisit,</span> <span class='ocrx_word' id='word_1_267' title='bbox 1413 4167 1552 4256; x_wconf 85' lang='lat' dir='ltr'>suisque</span> <span class='ocrx_word' id='word_1_268' title='bbox 1572 4187 1592 4236; x_wconf 91' lang='lat' dir='ltr'>a</span> <span class='ocrx_word' id='word_1_269' title='bbox 1611 4163 1731 4254; x_wconf 85' lang='lat' dir='ltr'>decre·¹</span> 
     </span>
    </p>
   </div>
   <div class='ocr_carea' id='block_1_11' title="bbox 278 4259 1731 4554">
    <p class='ocr_par' dir='ltr' id='par_1_12' title="bbox 278 4259 1731 4554">
     <span class='ocr_line' id='line_1_29' title="bbox 280 4259 1730 4361; baseline -0.005 -17"><span class='ocrx_word' id='word_1_270' title='bbox 280 4271 325 4344; x_wconf 87' lang='lat' dir='ltr'>tis</span> <span class='ocrx_word' id='word_1_271' title='bbox 349 4269 504 4361; x_wconf 86' lang='lat' dir='ltr'>excepit.</span> <span class='ocrx_word' id='word_1_272' title='bbox 553 4263 589 4338; x_wconf 84' lang='lat' dir='ltr'>Si</span> <span class='ocrx_word' id='word_1_273' title='bbox 612 4285 697 4360; x_wconf 85' lang='lat' dir='ltr'>ergo</span> <span class='ocrx_word' id='word_1_274' title='bbox 723 4259 1024 4354; x_wconf 74' lang='lat' dir='ltr'>Constantianos,</span> <span class='ocrx_word' id='word_1_275' title='bbox 1040 4264 1090 4335; x_wconf 87' lang='lat' dir='ltr'>·dr</span> <span class='ocrx_word' id='word_1_276' title='bbox 1111 4263 1353 4340; x_wconf 84' lang='lat' dir='ltr'>BasrlcensrrS</span> <span class='ocrx_word' id='word_1_277' title='bbox 1382 4263 1467 4338; x_wconf 90' lang='lat' dir='ltr'>nodi</span> <span class='ocrx_word' id='word_1_278' title='bbox 1489 4265 1656 4348; x_wconf 85' lang='lat' dir='ltr'>decreta,</span> <span class='ocrx_word' id='word_1_279' title='bbox 1687 4275 1730 4338; x_wconf 91' lang='lat' dir='ltr'>ut</span> 
     </span>
     <span class='ocr_line' id='line_1_30' title="bbox 278 4287 1731 4535; baseline 0.001 -96"><span class='ocrx_word' id='word_1_280' title='bbox 278 4369 412 4439; x_wconf 87' lang='lat' dir='ltr'>volunt</span> <span class='ocrx_word' id='word_1_281' title='bbox 435 4363 752 4456; x_wconf 84' lang='lat' dir='ltr'>archiepiscopales</span> <span class='ocrx_word' id='word_1_282' title='bbox 778 4357 970 4434; x_wconf 84' lang='lat' dir='ltr'>Curialistae</span> <span class='ocrx_word' id='word_1_283' title='bbox 999 4363 1272 4438; x_wconf 86' lang='lat' dir='ltr'>fondamentum</span> <span class='ocrx_word' id='word_1_284' title='bbox 1299 4287 1501 4438; x_wconf 47' lang='lat' dir='ltr'>noxiorum</span> <span class='ocrx_word' id='word_1_285' title='bbox 1530 4382 1610 4436; x_wconf 83' lang='lat' dir='ltr'>cum</span> <span class='ocrx_word' id='word_1_286' title='bbox 1636 4359 1731 4535; x_wconf 52' lang='grc' dir='ltr'>Ρῖξα</span> 
     </span>
     <span class='ocr_line' id='line_1_31' title="bbox 280 4461 1731 4554; baseline 0.001 -19"><span class='ocrx_word' id='word_1_287' title='bbox 280 4463 593 4536; x_wconf 87' lang='lat' dir='ltr'>Concordatorum</span> <span class='ocrx_word' id='word_1_288' title='bbox 613 4463 699 4551; x_wconf 89' lang='lat' dir='ltr'>srot,</span> <span class='ocrx_word' id='word_1_289' title='bbox 733 4478 841 4552; x_wconf 89' lang='lat' dir='ltr'>atque</span> <span class='ocrx_word' id='word_1_290' title='bbox 857 4461 964 4534; x_wconf 89' lang='lat' dir='ltr'>etiam</span> <span class='ocrx_word' id='word_1_291' title='bbox 982 4462 1286 4546; x_wconf 85' lang='lat' dir='ltr'>fundamentalem</span> <span class='ocrx_word' id='word_1_292' title='bbox 1304 4461 1446 4553; x_wconf 85' lang='lat' dir='ltr'>imperii</span> <span class='ocrx_word' id='word_1_293' title='bbox 1464 4461 1578 4554; x_wconf 84' lang='lat' dir='ltr'>legem</span> <span class='ocrx_word' id='word_1_294' title='bbox 1599 4483 1670 4535; x_wconf 90' lang='lat' dir='ltr'>con</span> <span class='ocrx_word' id='word_1_295' title='bbox 1702 4467 1731 4536; x_wconf 91' lang='lat' dir='ltr'>i·</span> 
     </span>
    </p>
   </div>
   <div class='ocr_carea' id='block_1_12' title="bbox 278 4559 1911 4653">
    <p class='ocr_par' dir='ltr' id='par_1_13' title="bbox 278 4559 1911 4653">
     <span class='ocr_line' id='line_1_32' title="bbox 278 4559 1911 4653; baseline -0.003 -16"><span class='ocrx_word' id='word_1_296' title='bbox 278 4578 406 4647; x_wconf 73' lang='lat' dir='ltr'>torota</span> <span class='ocrx_word' id='word_1_297' title='bbox 445 4560 600 4650; x_wconf 86' lang='lat' dir='ltr'>sequitur</span> <span class='ocrx_word' id='word_1_298' title='bbox 622 4561 718 4634; x_wconf 87' lang='lat' dir='ltr'>hunc</span> <span class='ocrx_word' id='word_1_299' title='bbox 742 4559 853 4653; x_wconf 87' lang='lat' dir='ltr'>ipsum</span> <span class='ocrx_word' id='word_1_300' title='bbox 880 4559 1083 4637; x_wconf 87' lang='lat' dir='ltr'>Articulum</span> <span class='ocrx_word' id='word_1_301' title='bbox 1111 4561 1268 4636; x_wconf 83' lang='lat' dir='ltr'>Emsanae</span> <span class='ocrx_word' id='word_1_302' title='bbox 1293 4559 1535 4632; x_wconf 74' lang='lat' dir='ltr'>Pundiatioois</span> <span class='ocrx_word' id='word_1_303' title='bbox 1562 4561 1729 4635; x_wconf 80' lang='lat' dir='ltr'>adversus</span> <span class='ocrx_word' id='word_1_304' title='bbox 1805 4603 1813 4610; x_wconf 90' lang='lat'>-</span> <span class='ocrx_word' id='word_1_305' title='bbox 1910 4562 1911 4601; x_wconf 64' lang='lat'>³</span> 
     </span>
    </p>
   </div>
   <div class='ocr_carea' id='block_1_13' title="bbox 279 4656 1730 4876">
    <p class='ocr_par' dir='ltr' id='par_1_14' title="bbox 279 4656 1730 4876">
     <span class='ocr_line' id='line_1_33' title="bbox 279 4656 1730 4758; baseline 0.003 -26"><span class='ocrx_word' id='word_1_306' title='bbox 279 4661 459 4756; x_wconf 87' lang='lat' dir='ltr'>publicam</span> <span class='ocrx_word' id='word_1_307' title='bbox 477 4657 588 4743; x_wconf 86' lang='lat' dir='ltr'>iidem</span> <span class='ocrx_word' id='word_1_308' title='bbox 602 4661 811 4754; x_wconf 83' lang='lat' dir='ltr'>germanicae</span> <span class='ocrx_word' id='word_1_309' title='bbox 825 4657 999 4736; x_wconf 84' lang='lat' dir='ltr'>Natiooia</span> <span class='ocrx_word' id='word_1_310' title='bbox 1017 4659 1088 4736; x_wconf 81' lang='lat' dir='ltr'>else</span> <span class='ocrx_word' id='word_1_311' title='bbox 1102 4660 1357 4758; x_wconf 73' lang='lat' dir='ltr'>foedifragam,</span> <span class='ocrx_word' id='word_1_312' title='bbox 1401 4656 1568 4756; x_wconf 78' lang='lat' dir='ltr'>&amp;legem</span> <span class='ocrx_word' id='word_1_313' title='bbox 1584 4657 1730 4757; x_wconf 87' lang='lat' dir='ltr'>imperii</span> 
     </span>
     <span class='ocr_line' id='line_1_34' title="bbox 280 4759 790 4876; baseline -0.006 -40"><span class='ocrx_word' id='word_1_314' title='bbox 280 4759 585 4876; x_wconf 72' lang='lat' dir='ltr'>fondamentalem</span> <span class='ocrx_word' id='word_1_315' title='bbox 611 4771 790 4873; x_wconf 79' lang='lat' dir='ltr'>evertere.</span> 
     </span>
    </p>
   </div>
   <div class='ocr_carea' id='block_1_14' title="bbox 942 4959 1698 5118">
    <p class='ocr_par' dir='ltr' id='par_1_15' title="bbox 942 4959 1698 5118">
     <span class='ocr_line' id='line_1_35' title="bbox 942 4959 1698 5118; baseline -0.004 -48"><span class='ocrx_word' id='word_1_316' title='bbox 942 4993 1063 5092; x_wconf 84' lang='lat' dir='ltr'>er3</span> <span class='ocrx_word' id='word_1_317' title='bbox 1141 4987 1144 4994; x_wconf 76' lang='grc'><strong>’</strong></span> <span class='ocrx_word' id='word_1_318' title='bbox 1553 4959 1698 5118; x_wconf 22' lang='lat' dir='ltr'>§.trs</span> 
     </span>
    </p>
   </div>
   <div class='ocr_carea' id='block_1_15' title="bbox 0 0 1976 6133">
    <p class='ocr_par' dir='ltr' id='par_1_16' title="bbox 0 0 1976 6133">
     <span class='ocr_line' id='line_1_36' title="bbox 0 0 1976 6133; baseline 0 0"><span class='ocrx_word' id='word_1_319' title='bbox 0 0 1976 6133; x_wconf 95' lang='lat' dir='ltr'> </span> 
     </span>
    </p>
   </div>
  </div>
 </body>
</html>
