3942 6134
772 1104 1115 1161 ιιι-μ·-
1415 1075 1468 1171 ,”“
1536 1054 1614 1169 tor
1727 1132 1731 1138 ι

209 1274 300 1349 m.
341 1258 673 1359 ‹Equidemvetnm
692 1256 763 1353 ell,
797 1254 995 1355 neuuilit,
1015 1259 1066 1359 ‘dc
1082 1254 1476 1363 Nestoriidodlrinam,
1509 1274 1660 1358 uterrm
1774 1294 1781 1307 “

102 1378 104 1431 ι
206 1392 227 1445 t
245 1362 420 1443 condoce
434 1368 508 1457 jam
526 1362 739 1457 probatam,
780 1362 927 1437 alteram
945 1358 1221 1437 condemnatam
1237 1365 1366 1439 iterum
1384 1368 1486 1445 iuisie
1501 1378 1657 1455 examini

205 1464 412 1561 subjectetur
444 1464 494 1537 ita
516 1482 609 1537 vero
635 1463 807 1557 oportuit
823 1458 923 1551 fieri,
956 1472 1065 1555 atque
1085 1460 1160 1557 lpse
1180 1458 1352 1539 Pontifex
1376 1472 1519 1558 voluit,
1550 1476 1653 1566 quod

207 1584 392 1642 certencn
411 1566 613 1638 murmurii
635 1560 705 1637 suit
726 1580 899 1649 examen,
936 1561 1070 1653 quippe
1090 1570 1164 1653 jam
1190 1562 1389 1659 prescripta
1412 1563 1497 1640 fidei
1521 1577 1655 1667 regula,

102 1650 104 1673 '
204 1664 523 1749 sed-declarationis,
560 1674 602 1735 ut
620 1658 704 1735 fidei
727 1662 917 1737 catholice
935 1663 1091 1750 veritat,
1130 1658 1369 1756 &oppositus
1388 1684 1489 1761 error
1503 1674 1655 1762 amplius

203 1768 240 1844 in
261 1760 455 1857 conspeliu
473 1758 639 1835 Ecclefiae
659 1756 981 1835 manifestarentur.
1028 1753 1127 1836 Hinc
1146 1762 1258 1834 etiam
1276 1758 1433 1836 Concilii
1451 1761 1573 1841 Patres
1595 1790 1659 1864 pu·

209 1866 314 1943 blico
340 1862 379 1941 iu
397 1857 567 1937 Constffit
588 1856 736 1961 proseffi
762 1856 1008 1953 sunt'rrguirrn
1017 1854 1101 1950 fidei
1114 1856 1181 1950 fidi
1206 1886 1228 1934 u
1250 1862 1406 1955 Constitu
1419 1869 1673 1965 praesniptamt‘

102 2020 104 2041 ‚
166 2010 174 2021 .
205 1966 298 2061 cnjus
308 1962 357 2059 sc·
367 1975 493 2037 tantm
513 1966 625 2053 exequi
633 1960 849 2056 sententiam:
885 1978 972 2051 eque
994 1960 1036 2033 ab
1052 1963 1135 2047 doc,
1158 1982 1208 2052 ,ar
1214 1961 1321 2055 sacris
1345 1964 1522 2041 cmoritur
1534 1966 1569 2059 fe
1588 1975 1658 2065 cogi

102 2066 104 2121 ι
203 2060 448 2151 &Nudum
470 2062 691 2135 ducendum.
716 2108 759 2125 -
812 2054 901 2131 Hac
920 2058 1076 2151 genuine
1099 2056 1192 2132 aila:
1224 2058 1322 2133 unde
1342 2062 1523 2157 colligitur
1540 2064 1676 2160 Ephe.
1745 2074 1755 2089 ‘

203 2164 283 2239 sune
298 2158 437 2255 Synodi
449 2156 625 2251 judicium
643 2178 721 2233 non
742 2153 845 2233 fuisse
862 2155 1086 2243 institutum,
1122 2156 1216 2248 quast
1234 2158 1278 2230 ad
1291 2179 1367 2250 tem
1390 2159 1562 2239 incertum
1584 2189 1657 2245 arn.
1773 2181 1779 2189 ’

102 2296 104 2329 ι
203 2263 309 2359 bigne
324 2258 585 2335 deliberatione
601 2254 879 2343 discutiendnm,
904 2252 963 2329 sed
979 2253 1024 2346 ad
1041 2270 1177 2329 certam
1191 2252 1561 2351 fixamquel'outificis
1577 2264 1657 2347 sen.

201 2360 353 2439 tentiam
367 2356 481 2437 modo
500 2370 762 2455 competente,
789 2352 973 2443 &efficaci
990 2354 1029 2429 in
1044 2356 1302 2432 executionem
1319 2355 1580 2441 deducendam.

632 2502 637 2555 l
897 2544 1001 2625 10.
1125 2504 1153 2557 e

346 2626 504 2782 Dignum
535 2679 587 2757 est
613 2678 681 2755 htc
709 2676 755 2753 de
783 2628 824 2751 r'e
848 2528 976 2751 virum
999 2643 1071 2769 jam
1095 2670 1303 2755 Bolsueturn
1331 2683 1530 2779 percipere.
1579 2688 1657 2766 Ad·

202 2781 324 2860 versu
346 2784 546 2879 Dupiuium
571 2782 761 2877 singulares
785 2770 1060 2851 obseruationes
1083 2774 1123 2849 in
1146 2771 1312 2855 eoncilia
1336 2778 1577 2877 Ephesrnum,
1617 2792 1654 2867 dc

201 2876 498 2959 chalcedonense
523 2880 715 2967 confecit,
744 2889 876 2969 utpote
896 2878 933 2949 in
956 2876 1084 2967 quibus
1107 2874 1295 2969 pontificia
1313 2882 1511 2958 authoritas
1528 2886 1573 2961 ad
1594 2912 1655 2967 ex·

200 2987 359 3077 emplum
380 2977 550 3075 sequioris
571 2978 639 3053 arvi
659 2970 847 3074 magnifice
871 2973 1101 3067 resplenduit.
1151 2974 1347 3054 Meldeusrs
1365 2979 1563 3080 Episcopus
1583 3010 1656 3068 mc·
1773 3002 1780 3015 ·
1868 2957 1870 2966 γ

197 3082 231 3157 le
258 3084 425 3157 feriatum
452 3082 552 3155 illurn
578 3078 744 3155 criticum
777 3072 854 3165 (du
876 3068 968 3163 Pin)
1004 3092 1068 3165 per
1093 3074 1195 3167 plura
1218 3072 1346 3171 Capita
1372 3079 1537 3179 castigat,
1577 3104 1653 3171 tam

193 3180 300 3277 quod
325 3186 443 3273 grauia
467 3182 505 3255 in
527 3177 675 3251 illorum
697 3172 947 3247 conciliorum
972 3170 1117 3246 historia
1141 3172 1383 3270 suppresserit,
1423 3202 1527 3275 quam
1551 3185 1652 3279 quod
1680 3221 1687 3235 =

194 3278 372 3377 periculosa
400 3298 446 3347 ex
470 3270 534 3361 suo
563 3274 709 3371 ingenio
733 3266 960 3343 admiscuerit
982 3273 1033 3360 *).
1083 3270 1124 3345 ln
1151 3272 1268 3367 specie
1292 3296 1379 3350 mox
1402 3276 1489 3373 Cap.
1506 3304 1548 3375 r,
1573 3285 1653 3363 ob.

199 3378 334 3451 serv.·r
370 3370 443 3449 sals
473 3372 652 3468 arguitur,
691 3366 789 3461 quod
816 3370 973 3442 larvatus
994 3366 1192 3465 Defensrrnic
1217 3372 1365 3449 Author
1386 3376 1561 3459 infinuare
1583 3382 1655 3463 stu·

201 3475 301 3564 duit,
341 3472 436 3561 quasr
463 3474 533 3546 lete
562 3490 628 3563 per
648 3464 862 3543 Pontificem
887 3465 1065 3547 sententia
1090 3472 1216 3569 ingene
1241 3472 1404 3553 dissensu
1428 3496 1578 3573 exona,
1615 3482 1653 3563 n
1739 3515 1743 3530 ·

197 3572 282 3651 fidei
309 3568 456 3645 affenfio
481 3590 596 3663 unque
621 3568 666 3643 ad
686 3564 878 3663 ‚synodum
907 3573 1166 3647 oecumenicam
1194 3567 1352 3668 suspensa
1379 3574 1509 3653 suisset.
1560 3586 1654 3663 Ver.

196 3674 239 3749 ba
264 3666 422 3747 Bossueti
447 3667 544 3744 sunt:
580 3666 760 3759 „Constat
782 3688 828 3742 ex
851 3669 1021 3747 omniunt
1043 3668 1150 3764 adlit,
1184 3672 1284 3765 quod
1298 3674 1491 3768 pontificia
1511 3679 1656 3765 senten,

196 3775 273 3866 „tie
312 3765 643 3867 cumsubrnissione
674 3780 822 3861 recepta
849 3764 959 3846 suerit
989 3784 1198 3860 pernotum
1222 3768 1434 3866 Orientem,
1466 3782 1573 3860 etiarn
1602 3788 1649 3864 ali

193 3870 297 3975 „ipsse
321 3866 480 3943 Nestorii
494 3866 719 3956 fautoribus,
758 3884 912 3957 quotum
928 3863 1089 3962 joannet
1105 3868 1359 3949 Antiochenut
1376 3871 1575 3959 Patriarcha
1591 3907 1652 3964 ca·

193 3986 287 4067 „put
308 3967 469 4045 suetat.“
520 3960 678 4057 quuod
703 3960 800 4037 idem
822 3964 983 4058 Jotnnes
1006 3964 1098 4041 serio
1118 3962 1327 4046 Nestorium
1353 3976 1564 4074 monuisset,
1599 4006 1650 4062 ne

194 4064 537 4151 Pontificislitterac
558 4062 661 4161 parvi
683 4060 886 4156 penderet,
931 4063 1040 4155 seque
1061 4068 1174 4161 ipsum
1193 4068 1232 4143 in
1252 4070 1401 4181 exitium
1419 4083 1649 4161 irremediabile
1777 4070 1787 4083 ’

194 4168 414 4266 precipitem
443 4164 564 4253 daret,
602 4154 796 4261 Meldeusis
824 4160 873 4235 ita
908 4166 1050 4259 pergit:
1085 4164 1227 4263 „Atqui
1259 4173 1482 4265 propositum
1509 4182 1554 4255 ab
1580 4184 1650 4261 islo
1712 4166 1724 4175 ⁶

197 4271 338 4361 „exitio
362 4264 515 4341 cavendi
539 4260 736 4337 remedium
766 4258 939 4335 nonfuit
966 4261 1084 4355 aliud,
1119 4280 1222 4359 quarn
1242 4282 1284 4341 ut
1301 4266 1491 4347 Nestoriua
1512 4278 1650 4360 desisse.

197 4370 420 4461 „rctverbo
436 4364 504 4455 Dei
520 4360 636 4437 Mater
654 4380 873 4457 repugnare,
914 4358 1023 4455 idque
1046 4368 1283 4461 approbaret,
1326 4370 1400 4446 hoe
1422 4368 1494 4461 est,
1532 4380 1648 4477 teipso
1724 4450 1729 4456 ,

196 4464 430 4559 „retrusiaret
441 4463 574 4551 modo,
598 4480 673 4565 quo
693 4456 931 4536 honestissime
947 4460 1090 4555 posset:
1112 4463 1151 4538 id
1169 4466 1267 4559 quod
1285 4466 1392 4543 etiam
1409 4468 1646 4575 demonstrat,

195 4584 327 4663 „quam
342 4564 487 4643 difficile
505 4563 693 4659 negotium
707 4558 848 4651 fuerit,
885 4558 1110 4655 &quantum
1131 4566 1328 4641 authorittt
1347 4566 1490 4645 illarum
1508 4579 1646 4655 littera·

1482 4698 1591 4767 „tum

263 4842 307 4925 a)
326 4838 510 4917 Remurquee
531 4832 752 4907 lltt'l'ltilloitt
777 4838 839 4903 der
852 4788 995 4905 condier
1014 4832 1178 4920 d’Eplrese,
1208 4836 1299 4908 &dg
1316 4836 1506 4917 cmm
1526 4850 1666 4929 mm..
1704 4836 1717 4859 κ
1774 4857 1778 4864 ,

314 4922 409 5001 solih·
429 4923 509 5015 m,
897 5000 931 5093 X
