3942 6134
816 1117 1235 1176 m·
1581 1068 1713 1214 iar·

256 1272 405 1355 oleum
423 1275 461 1351 in
488 1268 549 1351 sim
569 1265 818 1365 Respoufione
835 1267 883 1343 ad
912 1266 1036 1345 Cesar.
1058 1268 1281 1369 Maiestatem
1300 1280 1360 1359 die
1378 1304 1405 1378 4
1427 1283 1544 1386 April.
1573 1306 1705 1391 1287.

257 1374 418 1453 Forlitan
430 1371 572 1451 necell'e
585 1371 653 1445 erit
668 1389 774 1443 novo
789 1370 883 1442 libro
899 1373 1084 1445 vernaculi
1096 1374 1276 1453 idiomatis
1289 1388 1463 1477 populum
1477 1387 1705 1476 christianum

258 1474 596 1557 commonefacere,
623 1488 697 1565 quo
713 1466 825 1543 inscio
841 1467 876 1543 ht
893 1468 1012 1543 invito
1031 1488 1186 1563 quatuor
1200 1479 1467 1579 archiepiscopi
1484 1489 1708 1569 immutatio·
1820 1560 1826 1571 ,
1919 1519 1920 1594 ᾗ

257 1596 341 1659 nem
357 1570 558 1667 Religionis
573 1568 769 1643 Romano·
782 1566 978 1641 catholice
991 1564 1124 1659 lsacere
1150 1590 1384 1657 attentarunt.
1433 1582 1633 1665 Docendua
1650 1593 1704 1671 est

252 1675 411 1769 populus
434 1670 671 1767 irreligionis
688 1666 840 1765 negotio
858 1668 992 1742 nullam
1015 1665 1051 1741 se
1068 1670 1314 1758 obedientiam
1333 1678 1576 1760 deherehiaee
1596 1711 1617 1763 a
1637 1690 1705 1770 Ca·

255 1773 333 1869 pite
345 1772 458 1845 totius
471 1770 585 1866 gregia
600 1766 635 1841 se
649 1765 743 1861 ipsoa
757 1764 998 1860 separantibus
1011 1769 1144 1845 Archi·
1160 1771 1412 1872 &episcopm
1428 1779 1476 1856 ne
1488 1785 1531 1856 iia
1542 1787 1704 1885 qudem,

256 1864 940 1966 quiterritorialcriimulDominisunt.
965 1864 1037 1944 sed
1048 1868 1127 1947 hec
1139 1873 1291 1971 ampliu
1301 1876 1365 1959 suo
1377 1883 1704 1979 tenporenroco.

831 2028 836 2039 ’
927 2068 1024 2186 ss·
1116 2086 1118 2089 ·

403 2212 610 2291 Coloniensi
636 2209 782 2289 Nuntio
805 2212 985 2291 Bellisomi
1010 2216 1153 2295 interim
1169 2216 1382 2305 Lisabonam
1406 2172 1582 2325 promoto
1605 2258 1706 2317 anno
1868 2257 1870 2260 ·
1919 2173 1920 2176 ¹

258 2324 374 2410 1785,
394 2318 482 2389 uiua
501 2316 615 2413 Msgn.
626 2312 737 2391 P-acca
749 2314 985 2390 Damiatenfia
998 2312 1194 2416 Episcopus
1209 2346 1228 2397 a
1241 2324 1293 2401 Sa.
1304 2322 1397 2425 Papa
1412 2327 1707 2423 substituebatur:

183 2468 187 2473 -
255 2418 285 2489 ia
301 2420 435 2489 iterato
452 2418 488 2489 in
506 2416 601 2489 Aula
615 2414 794 2499 Bounenli
809 2415 1032 2500 audientiam·
1043 2432 1192 2514 petens,
1208 2439 1250 2498 ut
1265 2421 1364 2520 suaa,
1381 2451 1467 2521 quas
1483 2451 1623 2510 vocant
1639 2460 1704 2513 cro·

254 2518 366 2591 scoria
384 2516 542 2605 litterar,
564 2515 773 2601 exhiberet,
789 2515 1005 2589 inamicrbili
1020 2516 1134 2591 modo
1148 2517 1323 2615 repulsam
1339 2527 1425 2603 tulit
1438 2547 1520 2607 curn
1537 2532 1706 2631 fignifica-

212 2618 215 2623 ’
255 2616 360 2688 tione
373 2632 565 2704 numquam
581 2614 627 2687 ad
641 2612 912 2706 Archiepiscopi
929 2614 1158 2707 conspolium
1174 2618 1230 2709 se3
1249 2638 1293 2696 ut
1308 2625 1514 2720 apostolieae
1524 2632 1627 2711 Sedis
1638 2635 1706 2711 Le·
1763 2648 1766 2651 ’

253 2727 375 2809 gutum
392 2708 859 2785 Facolntiumrornuuom
874 2706 954 2787 sore
971 2711 1260 2796 admittendum
1298 2720 1390 2800 Cum
1407 2747 1495 2825 ergo
1509 2723 1706 2809 Nuntiatu-

254 2807 1435 2910 rae,ColonienliracViennenlla‚suiiquibuaanteaprovinciae
1452 2826 1627 2906 Eleiioris
1646 2831 1707 2909 Pa·
1801 2820 1805 2827 ¹
1919 2783 1920 2798 Ν

254 2910 396 2983 latino·
415 2906 579 2983 Bavarici
596 2905 790 2994 steterant,
811 2906 873 2977 via
888 2902 993 2997 salli,
1015 2920 1093 2983 noo
1112 2909 1299 3009 inegravi
1317 2919 1482 3013 despeilu
1499 2930 1707 3021 apostolicae
1818 3010 1822 3018 ,
1855 2950 1863 2965 ·

254 3008 357 3087 Sedis
374 3010 519 3099 nunqua
536 3004 595 3080 sua
606 3000 856 3098 iunrdiuiooe
873 3002 985 3079 essent
998 3004 1177 3100 spoliator
1203 3010 1349 3091 Eleiloc
1368 3019 1414 3093 de
1430 3020 1615 3103 stemmate
1630 3030 1709 3105 Do·

141 3178 150 3195 .
254 3128 335 3186 mua
351 3106 531 3179 &vinca
549 3104 692 3181 suorum
715 3100 936 3177 Proavorum
953 3106 1089 3199 pietate
1104 3114 1280 3189 animatur
1294 3136 1393 3192 anuo
1416 3130 1535 3214 1786
1554 3147 1622 3219 pro
1638 3129 1706 3217 sur,
1774 3118 1787 3125 ·

246 3206 467 3281 Ditionibua
494 3204 657 3293 injuriam
682 3200 805 3279 sanun
830 3200 913 3275 Sedi
937 3206 1103 3280 resarcire
1119 3204 1260 3304 statuit,
1295 3229 1404 3310 atque
1421 3221 1458 3294 in
1476 3222 1707 3319 Metropolin

255 3304 373 3392 suam,
398 3302 631 3377 Monachium
647 3299 904 3377 Atheniensem
922 3301 1243 3401 Archiepiscopum
1264 3310 1396 3412 Zoglio
1418 3341 1499 3394 cunr
1511 3318 1708 3402 lacunato·
1758 3333 1765 3344 ’
1919 3285 1920 3340 ³

172 3422 195 3455 s
256 3406 323 3491 hus
333 3396 643 3485 ordinariiuhntir
655 3398 963 3496 advocavit,ipso
973 3405 1368 3510 etiamamlcabiliterse
1378 3418 1574 3496 exhibente
1585 3420 1707 3502 Porus·

190 3538 195 3545 ·
256 3503 373 3579 sorum
394 3496 518 3597 Rege,
537 3494 604 3573 ”cui
621 3498 987 3595 Archiepiscoporum
1009 3504 1213 3604 invehoner
1232 3512 1270 3585 in
1289 3516 1405 3589 aliena
1414 3520 1613 3612 jnraaocea
1628 3548 1707 3619 per·

255 3598 380 3699 spello
400 3617 514 3675 erant.
550 3596 663 3673 Nunc
676 3619 767 3674 vero
782 3594 895 3673 affuso
909 3604 969 3675 vel
1015 3605 1126 3679 ‘oleo
1143 3609 1232 3705 iguis
1245 3612 1282 3685 in
1299 3633 1456 3707 apertam
1472 3640 1534 3705 eru
1562 3625 1591 3696 it
1606 3625 1709 3703 flam·

256 3722 371 3791 mam,
392 3701 464 3775 hoc
488 3697 560 3790 eii,
598 3696 901 3795 archiepiscopale
922 3700 971 3775 od
986 3724 1049 3777 um
1073 3706 1242 3786 adversus
1262 3710 1431 3795 summam
1447 3717 1578 3799 Sedem
1600 3742 1707 3806 antea

105 3836 111 3849 ,
257 3801 351 3899 quau
367 3798 429 3875 suh
446 3799 625 3873 cineribus
639 3800 756 3877 latens
768 3799 840 3891 jam
858 3800 1045 3879 manifeste
1063 3806 1202 3885 enarre.

828 3976 1158 4096 M,

400 4116 542 4195 Eodem
563 4078 680 4193 adhuc
699 4134 796 4195 anno
814 4132 969 4213 quatuor
986 4122 1278 4225 Archiepiscopl‚
1295 4126 1556 4237 Mogontinua,
1575 4134 1707 4219 Trevi-
1771 4188 1776 4195 -
1919 4155 1920 4192 ³

258 4198 388 4311 censs,
407 4217 654 4311 Coloniensu‚
679 4218 712 4294 u
731 4218 1004 4319 Salishurgen'sra
1020 4241 1085 4317 per
1100 4226 1235 4304 elelloa
1250 4249 1406 4326 quatuor
1421 4236 1543 4313 seruos
1561 4240 1710 4319 Curiail·

256 4319 324 4395 slas
340 4318 709 4415 pronunciatione,
731 4340 810 4395 non
825 4323 862 4395 in
878 4320 1035 4399 Ecclefia
1048 4322 1139 4414 Dei,
1162 4346 1239 4403 oon
1256 4338 1397 4427 populo
1414 4336 1602 4432 adprecor
1619 4362 1709 4419 coo·
1810 4372 1815 4377 ·

254 4431 415 4509 uocato,
439 4416 497 4491 sed
517 4422 554 4493 in
571 4418 709 4492 Balnco
724 4418 876 4496 Emsano
892 4434 1071 4514 tamquam
1091 4426 1185 4499 aliud
1201 4446 1347 4527 agentes
1365 4452 1647 4534 conuenerunt,·
1668 4444 1706 4520 in

255 4518 323 4591 illo
341 4520 497 4607 balneo,
517 4516 616 4609 quod
635 4532 807 4595 eternum
827 4522 864 4594 in
880 4522 1132 4596 maledillione
1153 4530 1244 4617 erit,
1263 4545 1305 4602 ut
1324 4551 1405 4606 cum
1418 4533 1587 4613 Authorc
1601 4541 1709 4641 Refic-

253 4624 384 4693 morum
400 4620 546 4708 loquar:
564 4662 590 4707 ‚‚
602 4618 663 4691 ubi
680 4630 835 4708 quotuor
848 4616 901 4693 isti
923 4616 1059 4695 Praelati
1079 4624 1116 4697 in
1133 4646 1287 4717 quatuor
1303 4626 1412 4724 Papae
1429 4636 1465 4708 se
1481 4638 1708 4717 transforma.

98 4766 100 4771 .
256 4732 370 4810 „runt
391 4736 411 4789 a
432 4714 603 4789 Romano
623 4716 785 4791 absolute
806 4714 1096 4815 independenter
1103 4773 1118 4812 ,
1152 4730 1214 4801 ubi
1236 4725 1484 4809 schismacum
1514 4740 1647 4831 letum,
1673 4740 1709 4817 lc
1743 4824 1748 4829 ,

258 4816 405 4909 „omnia
418 4814 548 4888 relatio
559 4815 602 4887 ad
621 4812 921 4915 roclenocaput
936 4820 1136 4896 formaliter
1150 4828 1285 4901 eholita
1302 4829 1376 4919 est,
1395 4835 1457 4909 ubi
1473 4755 1637 4933 &apicula
1653 4860 1710 4915 ca·

255 4912 874 5010 „thedraliainservitutemredaila
882 4970 897 5015 ,
914 4916 1565 5097 Epilsciopatuccontentibiliaiaiiur,
1577 4957 1708 5019 omnes
1729 5038 1734 5043 Π

315 5072 320 5081 ·
759 5043 766 5055 ’
835 5092 838 5099 ·
969 5102 974 5107 -
1078 5068 1082 5075 ’
1317 5128 1321 5133 ,
1553 5054 1655 5137 ”P'ae
