3942 6134
729 1115 1221 1195 ·==‡====2,
1565 1134 1638 1221 ιη

101 1373 102 1392 ,
230 1284 739 1380 monenexlhac'clautita
747 1290 794 1370 8.
812 1283 912 1370 S'edla
937 1296 1203 1373 authoritatem
1218 1298 1345 1375 uiolari
1374 1300 1589 1395 conquestor
1617 1294 1678 1380 est}

101 1395 102 1448 ³
229 1403 345 1501 igitur
363 1418 462 1478 anuo
481 1418 594 1491 1711
615 1398 695 1471 data
711 1396 757 1469 ad
775 1394 902 1490 l’apam
919 1396 1067 1495 epistola
1085 1396 1387 1473 Galllel’resulea
1404 1402 1454 1474 ita
1471 1400 1515 1474 se'
1527 1404 1681 1495 explica·

101 1559 102 1590 ÷
227 1518 338 1589 runt,
364 1522 466 1595 „per
483 1498 520 1571 id
535 1496 663 1573 nout‘e
682 1492 897 1570 intellexisse
912 1498 1222 1591 acceptationem,
1241 1520 1318 1591 que
1332 1498 1544 1595 fitsolrmnls,
1559 1522 1678 1593 nequa

228 1612 302 1695 „ut
317 1599 580 1695 Episcoporum
598 1611 828 1686 conventus,
853 1596 1064 1691 velutjuder
1078 1594 1378 1673 'constitutionum
1395 1596 1459 1671 luo
1478 1600 1554 1673 illae
1571 1602 1680 1672 tribu·
1872 1652 1873 1677 r

101 1693 102 1772 l
226 1702 332 1793 „nali
347 1700 553 1791 lubjiceret,
570 1694 629 1769 led
642 1709 683 1770 ut
698 1693 766 1769 sue
781 1691 951 1769 domnae
966 1694 1256 1772 conformitatem
1273 1718 1354 1773 cum
1370 1695 1566 1791 apostolica
1581 1698 1681 1794 figni-
1762 1766 1766 1773 ,
1872 1766 1873 1775 r

101 1835 102 1840 ι
226 1798 408 1892 „licaret,
427 1797 597 1889 simulque
615 1810 726 1869 omne
740 1792 939 1891 lausenistia
953 1792 1124 1890 effugium
1144 1800 1422 1888 precluderet.“
1448 1798 1567 1899 Quam
1585 1800 1681 1890 opti·

101 1941 102 1944 ι
227 1918 290 1974 ma
308 1900 388 1974 hee
408 1896 459 1969 est
472 1894 567 1969 cleri
583 1895 744 1992 gallicani
765 1892 983 1980 declaratio,
1011 1892 1205 1989 pontificia
1220 1894 1468 1970 constitutioni
1480 1894 1681 1989 Episcopo·

101 2071 102 2088 Ν
230 2018 311 2072 rum
329 1997 619 2090 acceptationem
635 1992 705 2069 elle
719 1995 783 2087 jun
807 1991 956 2081 endam,
970 2010 1048 2066 non
1072 2008 1191 2069 tamen
1202 1995 1391 2089 fimat,
1413 1995 1507 2088 quat
1524 1996 1681 2071 linehac

101 2109 102 2136 l
230 2097 434 2171 authoritas
455 2094 500 2167 ad
521 2093 754 2192 obligandum
777 2014 904 2167 fideles
927 2087 1093 2166 Pontifici
1119 2092 1274 2184 deesset,
1297 2108 1358 2169 aut
1379 2095 1483 2189 hujua
1508 2096 1683 2170 sententia

227 2193 421 2292 Episcopia
433 2193 528 2286 quali
546 2193 868 2289 ejuademjudicilur
886 2189 974 2265 elset
989 2178 1162 2285 subjecit,
1185 2213 1289 2285 quam
1307 2192 1372 2267 suo
1385 2192 1522 2288 judicio
1543 2196 1603 2271 vel
1622 2216 1681 2287 ap·

229 2302 390 2399 probare
407 2292 570 2387 pollent,
590 2294 654 2365 vel
667 2292 883 2385 reprobare,
902 2288 962 2364 sed
980 2308 1131 2385 propter
1152 2290 1370 2367 adversarior
1392 2292 1435 2365 ad
1452 2292 1683 2389 superandam
1703 2302 1706 2311 ⁴

229 2414 362 2489 eorum
381 2396 625 2487 proterviam,
646 2407 689 2465 ut
707 2405 811 2465 tanto
833 2391 968 2483 majore
992 2390 1229 2482 authoritate,
1253 2394 1312 2465 vel
1338 2406 1487 2466 externa
1509 2393 1602 2488 apud
1620 2392 1683 2467 ho·
1770 2396 1782 2419 ‘

232 2498 351 2571 mines
371 2494 649 2585 obloquentium
669 2512 734 2565 ora
755 2490 1056 2592 comprimantur,
1088 2488 1172 2565 dum
1193 2510 1347 2565 unacum
1369 2492 1486 2585 capite
1508 2495 1685 2566 membro

232 2616 337 2683 rum,
354 2590 423 2675 seu
442 2592 605 2687 corporis
627 2589 834 2665 consensum
859 2588 987 2663 vident
1010 2586 1291 2682 manifestatum,
1312 2591 1412 2665 otnni
1424 2591 1496 2683 iam
1513 2590 1684 2686 precluso

229 2692 381 2768 humaui
405 2705 599 2786 pretextut¹
622 2689 771 2786 effugio.
808 2686 864 2763 lta
886 2690 1052 2763 nimirum
1075 2708 1150 2763 uon
1164 2690 1272 2785 juris,
1295 2689 1356 2764 sed
1371 2688 1458 2783 fulli
1479 2686 1684 2787 necellitate

228 2794 327 2887 sepe
351 2788 515 2864 Concilia
533 2788 746 2865 universalia
768 2790 1091 2877 convocabantur,
1115 2804 1158 2862 ut
1182 2790 1295 2864 totius
1315 2791 1412 2863 orbis
1433 2787 1606 2863 christiani
1624 2810 1685 2862 ex·

228 2889 353 2987 preffa
376 2889 633 2965 condemnatio
656 2882 866 2985 refragarios
890 2888 1112 2981 opprimeret
1139 2900 1242 2962 tanto
1266 2888 1493 2963 authoritatis
1518 2888 1688 2978 visibilia,

230 3006 348 3084 atque
368 3002 525 3063 externe
543 2986 727 3082 pondere,
756 2988 814 3062 cui
837 3005 946 3063 nemo
966 2986 1153 3061 homiuum
1172 2985 1206 3061 se
1223 3008 1434 3085 opponere,
1456 2986 1492 3059 tr
1508 2986 1686 3061 contradi·

229 3111 323 3164 cere
339 3086 509 3179 auderet,
535 3086 597 3163 vel
618 3086 644 3161 fi
667 3082 810 3178 quidam
826 3086 929 3178 pauci
952 3084 989 3159 id
1008 3084 1142 3163 fuerint
1158 3086 1249 3182 auli,
1273 3090 1323 3163 oh
1345 3102 1454 3165 tante
1476 3086 1685 3165 temeritatis

225 3185 474 3279 notamapud
488 3204 615 3261 omuea
629 3182 853 3259 aucrfionem
870 3182 1081 3293 excitarent.
1658 3210 1666 3223 ν

897 3384 934 3504 §·
966 3409 1034 3483 11.
1396 3424 1444 3491 *τ
1493 3370 1496 3377 ’

385 3538 631 3637 Duoinsuper
642 3538 723 3617 sunt
738 3538 883 3615 comitia
900 3539 998 3617 Cleri
1011 3544 1174 3640 gallicani
1192 3562 1237 3619 et
1254 3546 1445 3625 novillinlr
1463 3538 1687 3643 temporibua

234 3644 363 3741 insigni
380 3644 561 3737 preconio
575 3638 832 3736 prosequenda.
854 3640 983 3717 -Anno
1004 3656 1118 3736 1728,
1136 3643 1194 3717 die
1213 3658 1232 3739 3
1250 3646 1337 3741 Majl
1355 3649 1401 3722 de
1417 3649 1606 3744 episcopali
1626 3668 1690 3741 po·
1787 3708 1789 3713 ,

101 3809 102 3816 ,
239 3743 369 3819 testate
387 3764 408 3815 a
423 3740 562 3815 Christo
577 3738 735 3813 instituta
748 3736 914 3814 Presulea
929 3743 980 3815 ita
995 3744 1213 3835 loquuntur:
1232 3746 1319 3836 „At
1333 3748 1429 3841 Jel'ua
1443 3746 1599 3822 Christus
1616 3746 1701 3843 ipse.
1776 3757 1780 3763 “

101 3853 102 3862 ‘
238 3843 330 3936 „sua
347 3839 572 3916 institutione
590 3840 721 3911 limitet
736 3835 941 3933 prescripsit
959 3836 1035 3915 dulc
1044 3842 1208 3939 potestati,
1237 3847 1511 3939 quamtubjeclr
1528 3847 1610 3921 Sedi
1626 3844 1690 3919 Pe·

239 3944 338 4033 „tri,
362 3941 400 4015 in
421 3935 856 4035 quapollritplenitudr'rem
876 3936 1081 4032 apostolice
1104 3940 1303 4035 potestatis.
1313 3948 1340 3989 ‘⁶
1389 3944 1481 4023 Tam
1504 3949 1613 4043 longe
1631 3946 1690 4019 ah-

240 4039 323 4115 sunt
334 4039 429 4113 Galli
442 4042 487 4111 ab
503 4035 678 4111 hodierna
690 4032 951 4111 Germanorum
969 4038 1150 4133 (indicina,
1178 4062 1306 4115 omnes
1322 4030 1521 4142 Episcopus
1536 4045 1689 4137 equales

101 4173 102 4226 t
244 4136 337 4229 effe,
357 4134 667 4232 &plenitudinem
684 4129 869 4227 potestatis
885 4136 1028 4211 hahere
1069 4136 1283 4217 Notandum
1303 4144 1434 4236 pariter
1449 4166 1468 4219 a
1486 4142 1598 4217 Gallia
1612 4161 1689 4215 non

244 4238 400 4336 ungulos
415 4255 579 4329 quotque
589 4230 810 4326 Episcopos,
830 4233 890 4308 sed
906 4236 1015 4335 ipsani
1030 4236 1265 4333 episcopalem
1284 4242 1497 4337 potestatem
1515 4239 1583 4313 dici
1601 4259 1691 4333 pou·

243 4334 364 4411 tificiae
378 4333 587 4429 subjectam,
604 4332 701 4425 quod
715 4336 775 4405 vel
789 4332 981 4426 parifiensrt
991 4334 1122 4411 scholae
1136 4338 1329 4415 dolirinam
1345 4342 1522 4435 corrigere
1536 4338 1691 4417 videtur:

246 4434 275 4523 sl
298 4437 393 4509 enim
409 4435 589 4529 superiora
607 4429 687 4507 sunt
703 4428 1157 4530 Pontifice-Episcoporum
1176 4436 1359 4525 Concilia;
1383 4452 1470 4511 tunc
1490 4436 1526 4509 in
1547 4434 1600 4510 his
1619 4438 1692 4532 ple·

246 4533 377 4609 nitudo
394 4530 580 4628 potestatis
597 4528 669 4617 est,
691 4552 767 4604 non
787 4533 824 4605 in
842 4533 926 4606 illo:
951 4553 1022 4606 uec
1042 4533 1151 4610 l’etro
1168 4535 1319 4631 subJetla
1334 4535 1384 4610 est
1400 4531 1609 4630 episcopalia
1651 4554 1693 4607 o·

246 4632 375 4749 tellao,
393 4630 453 4705 sed
469 4632 530 4704 ille
546 4629 639 4744 huie.
665 4626 774 4703 Certe
789 4628 945 4747 Christus
960 4632 1141 4709 Dominus
1154 4634 1361 4731 Apostolia,
1380 4636 1468 4710 licet
1481 4650 1600 4709 tunce
1629 4644 1693 4709 ent

247 4730 1694 4918 llllltittl‘llhlllll‘iililillhitilllllllilillhllll:
1709 4798 1727 4885 Δ
1872 4766 1873 4773 i

250 4927 291 5005 ln
303 4930 378 5005 alio
393 4942 582 5005 conventu
594 4946 692 5004 anno
708 4934 801 5022 17⁶1
819 4928 1161 5029 gallicani'l’resulea
1178 4928 1224 5037 de
1241 4932 1437 5032 apostolica
1449 4932 1541 5009 Sede
1554 4932 1630 5007 hec
1646 4931 1696 5007 ef·
1783 4968 1784 4973 ι

906 5024 958 5129 ’,Ρ
976 5030 1004 5123 ’3
1366 5126 1374 5147 ‚
1504 5030 1648 5111 fantur:
