3942 6134
925 1276 977 1407 ,i
1009 1298 1053 1385 s·

425 1420 469 1499 ln
481 1420 597 1515 specie
613 1436 674 1495 me
688 1356 787 1497 nunc
802 1415 848 1493 ad
862 1416 963 1491 illum
979 1430 1142 1508 vertam,-
1156 1418 1314 1513 quiaquia
1326 1412 1582 1512 animorum
1593 1423 1725 1503 misera
1747 1425 1754 1440 “

279 1518 409 1601 nostrie
428 1520 554 1595 diebus
574 1516 863 1605 aFebro‘nianlt,
888 1531 1066 1608 praequam
1081 1518 1171 1591 olim
1193 1538 1215 1591 a
1231 1516 1448 1610 calvinianis
1468 1527 1721 1617 vapulantem,

245 1632 257 1657 ⁸
280 1642 387 1713 quem
408 1622 453 1693 ab
473 1610 674 1709 imposturae
701 1617 849 1691 crimine
867 1614 960 1687 adeo
981 1611 1194 1695 vindicabo,
1222 1628 1264 1689 ut
1286 1616 1392 1695 auum
1417 1619 1720 1699 Monstratione

279 1721 473 1804 evincere,
490 1718 627 1787 illarum
648 1713 901 1800 decretalium,
928 1708 974 1783 de
990 1712 1119 1801 quibua
1132 1716 1381 1789 controversa
1397 1715 1469 1808 est,
1493 1718 1723 1813 epistolarum

277 1835 354 1891 non
369 1812 470 1889 fuisse
483 1812 758 1901 fabricatorem,
771 1810 831 1887 sed
844 1824 982 1905 tantum
999 1822 1084 1883 ante
1097 1809 1131 1883 sc
1138 1809 1212 1900 J‘am
1224 1816 1422 1887 extantium
1432 1819 1719 1909 compilatorem.

281 1914 429 2005 Duplici
443 1910 512 1987 hac
526 1916 564 1987 in
581 1932 620 1984 re
635 1924 715 1983 utar
734 1907 1004 2007 argumentandi
1018 1927 1170 2003 genere,
1193 1928 1291 1999 uno,
1304 1911 1401 2002 quod
1415 1917 1549 2005 luam
1565 1913 1635 2003 eli,
1658 1914 1722 1990 seu

282 2010 440 2089 humano
460 2030 506 2082 ex
521 2008 714 2083 ratiocinio
734 2007 955 2093 desumtum;
981 2007 1116 2095 altero,
1141 2005 1240 2098 quod
1256 2008 1454 2100 nanim,
1467 2008 1533 2083 seu
1547 2031 1593 2085 ex
1610 2012 1722 2089 docu-

281 2122 486 2183 mentorum
510 2104 717 2181 testimonio
737 2108 912 2199 petitum:
939 2104 1060 2197 priore
1082 2118 1294 2199 argumento
1316 2105 1520 2197 ostendam,
1547 2106 1722 2185 lsrdortrm

278 2226 355 2281 non
381 2203 534 2300 potuisse
558 2224 607 2277 en
628 2204 664 2279 se
685 2203 763 2299 ipso
785 2202 863 2277 illae
889 2200 1019 2297 spuriae
1041 2222 1201 2287 mercer,
1236 2218 1279 2277 ut
1300 2202 1490 2295 beantur,
1523 2204 1720 2312 fabricare,

278 2302 502 2411 posteriore,
527 2304 629 2379 illum
650 2322 778 2377 revera
800 2298 943 2377 eudem
963 2318 1042 2375 non
1058 2295 1254 2411 sabticaffe.
1319 2332 1324 2346 ·
1451 2365 1460 2387 ,

946 2472 1090 2594 §.d

377 2646 386 2663 ·
426 2620 607 2697 Mirabilia
623 2621 751 2711 nebia,
777 2637 893 2715 prope
912 2618 1010 2693 dicar
1028 2618 1219 2705 miracula,
1242 2631 1387 2694 canant
1401 2612 1524 2696 Isidori
1538 2618 1731 2695 Mercato·

278 2721 326 2795 rie
346 2718 589 2806 accusatores,
622 2732 801 2811 tamquam
819 2706 1068 2815 inpudent'usari
1085 2718 1269 2803 mitond,
1304 2718 1366 2807 qui
1387 2722 1536 2813 proprio
1554 2711 1720 2795 malitioli

256 2816 329 2895 ‚ur
361 2819 498 2893 cerebri
526 2830 631 2910 partu
660 2815 825 2909 epistolae
854 2812 1008 2911 ediderit
1034 2816 1231 2902 primorum
1256 2814 1457 2888 seculorum
1484 2814 1720 2893 Pontificibua

277 2914 509 3010 suppolltae,
531 2911 632 3004 queit
650 2930 674 2981 a
693 2909 728 3007 ie
748 2910 961 3004 excogitatio
979 2905 1162 3003 fundibus
1184 2912 1365 3001 andqnam
1382 2908 1550 2987 Ecclelie
1567 2912 1722 3006 discipli·

208 3036 213 3047 ·
277 3032 359 3089 nam
379 3034 444 3107 per
466 3008 551 3085 otto
573 3006 690 3082 secula
709 3008 955 3082 intemeratam
977 3002 1095 3081 subito
1116 3006 1153 3077 in
1173 3004 1276 3099 priua
1296 3010 1512 3096 mutaverit,
1550 3028 1720 3105 comune·

278 3104 345 3203 rit,
378 3109 573 3203 polluerit,
605 3104 770 3199 adeoque
786 3106 942 3195 vitiarit,
973 3116 1017 3197 ut
1031 3105 1101 3195 jam
1118 3103 1203 3177 inde
1220 3124 1361 3180 annno
1376 3104 1499 3181 seculo
1513 3126 1649 3189 novam
1668 3107 1721 3183 sa·

279 3208 372 3281 ciem
394 3221 542 3279 externa
560 3201 725 3277 Eccleste
748 3204 875 3293 politia
893 3198 1043 3277 induisse
1062 3198 1256 3275 videretur.
1304 3199 1444 3277 Nonne
1462 3206 1621 3296 mireria,
1655 3208 1717 3297 qui

259 3302 398 3379 ¹subito
415 3300 531 3377 Porta
550 3300 656 3376 inseri
674 3298 842 3375 adversm
861 3296 1010 3375 landam
1031 3300 1101 3371 Dei
1118 3297 1331 3389 saaladin,
1366 3300 1594 3377 liFebronio
1611 3299 1721 3394 fider,
1812 3304 1847 3413 n*
1896 3252 1900 3259 Ι

198 3488 200 3497 ,
235 3489 239 3495 ,
278 3401 429 3496 amplior
450 3392 515 3495 per
536 3394 707 3475 lsrdorum
729 3417 797 3493 pro
820 3394 1122 3473 annotantem
1144 3399 1340 3491 prevalere
1359 3401 1569 3492 potuerint,
1612 3420 1719 3493 quam

279 3520 345 3593 per
366 3520 494 3576 omnes
511 3511 617 3572 ‘retro
633 3493 862 3571 llereticoai
897 3490 1054 3589 qulfieri
1074 3497 1255 3588 punierit,
1285 3509 1328 3571 ut
1346 3495 1563 3574 documenta
1580 3496 1718 3574 cundia

190 3660 192 3663 .
279 3596 405 3675 seculis
429 3598 631 3694 incognita,
667 3590 900 3669 recentissime
924 3593 1076 3688 primum
1099 3590 1274 3684 conficta,
1311 3596 1454 3689 lateque
1468 3594 1625 3690 dispersa
1641 3610 1718 3673 um

279 3696 420 3773 facilem
442 3698 575 3788 ubique
604 3692 760 3784 aditum,
800 3702 1007 3785 unumque
1033 3689 1281 3768 credulitatem
1306 3694 1531 3784 invenerint,
1573 3708 1617 3767 ut
1642 3693 1719 3771 dne

279 3890 421 3985 ungulis
443 3890 586 3962 illorum
609 3904 813 3981 temporum
836 3888 1077 3977 Doiioribua,
1115 3886 1440 3982 Redoribuaqoe,
1457 3888 1518 3966 sed
1540 3890 1646 3965 etiam
1670 3892 1717 3962 ab

124 3984 130 3991 ’
279 3988 446 4085 integris,
480 3986 593 4077 iisque
615 3982 809 4059 numerosa
833 3984 916 4057 NB.
934 3982 1083 4070 Gallie,
1114 3984 1151 4057 de
1173 3984 1375 4061 Germaniae
1396 3984 1574 4081 Synodla,
1604 4006 1648 4059 ac
1668 3983 1719 4059 t'rc

278 4086 402 4163 sensam
423 4084 566 4181 quidem
585 4080 679 4177 quau
698 4080 773 4155 line
791 4078 912 4173 sensu,
937 4080 998 4156 sed
1011 4082 1085 4175 iam
1104 4083 1189 4157 inde
1207 4106 1227 4157 a
1249 4100 1355 4179 partu
1375 4083 1461 4175 suo,
1483 4096 1590 4175 atque
1608 4084 1718 4157 etiam

280 4186 425 4271 aviria,
466 4202 618 4277 quorum
640 4181 793 4266 manime
814 4181 984 4254 intererat
1003 4198 1132 4255 contra
1154 4180 1381 4280 deceptionia
1400 4183 1602 4260 novitate·
1624 4180 1717 4255 anti·

282 4303 352 4377 qua
371 4281 430 4359 sua
449 4282 646 4361 canonibus
666 4278 816 4399 lundata
830 4278 911 4375 jura
930 4274 1203 4355 conservarell
1306 4327 1322 4343 e

950 4437 1090 4558 bn
1210 4524 1215 4532 .

423 4564 551 4657 Talem
569 4583 677 4657 nobia
697 4583 819 4657 virum·
827 4576 973 4655 historia
991 4583 1030 4655 in
1044 4576 1242 4657 Hinemaro
1255 4575 1445 4655 Rhemenfi
1465 4576 1633 4666 exhibet,
1667 4576 1715 4650 de

284 4682 383 4774 cuiue
401 4678 695 4775 Metropolitanla
706 4682 843 4774 iuribus
860 4681 1031 4776 agebatur
1044 4694 1174 4753 contra
1187 4678 1384 4752 decretalee
1400 4674 1566 4772 epistolae
1581 4675 1643 4750 sabi
1660 4676 1716 4750 in·
1855 4692 1858 4699 ·

281 4780 373 4853 vilar
396 4776 549 4853 tuendia.
597 4774 632 4853 la
654 4778 737 4852 data
760 4796 871 4871 opera
892 4775 1099 4851 earumdem
1126 4777 1379 4850 authoritatem
1402 4779 1580 4851 canadam
1601 4775 1715 4868 lmpu·

281 4896 411 4977 mana,
434 4894 486 4995 ne
502 4879 616 4953 verbo
632 4873 776 4971 qudem
791 4874 965 4969 lidum
979 4876 1019 4951 in
1034 4874 1267 4973 suspicionem
1283 4873 1424 4981 trahere
1438 4872 1614 4957 tentavit,
1638 4873 1716 4945 imo
1864 4932 1868 4938 .

1493 5017 1502 5053 s
1537 4966 1663 5043 iisdem

1759 2429 1763 2436 ·
1786 2402 1798 2452 l

149 3786 153 3795 “
278 3794 412 3869 fraudis
435 3797 497 3866 vel
516 3791 822 3883 suspicionclmox
846 3789 984 3864 summo
1003 3790 1251 3882 reciperentur
1271 3786 1439 3887 applausu
1461 3810 1540 3866 non
1555 3789 1677 3867 ‘solum
1696 3812 1719 3867 a
1806 3868 1810 3875 ,
