3942 6134
317 1078 514 1201 ¹935
828 1107 1272 1189 ΜΗ

263 1282 362 1359 Num
384 1298 508 1357 contra
516 1334 533 1376 ,.
566 1304 607 1359 ac
623 1292 701 1374 tota
717 1293 817 1363 retro
837 1286 1028 1379 antiquitas
1045 1284 1191 1375 docuit,
1226 1280 1456 1358 intolerabile
1474 1285 1616 1383 papalis
1635 1305 1735 1361 arro·
1869 1287 1876 1359 l

264 1382 392 1480 gantiae
406 1384 529 1479 jugum
558 1384 700 1471 (velita
718 1386 852 1459 scilicet
871 1384 1075 1479 opinione)
1100 1384 1217 1459 subito
1236 1382 1320 1472 libi,
1345 1384 1430 1477 quin
1447 1387 1567 1456 verbo
1580 1390 1735 1459 'contra-⁴

267 1484 424 1573 diceret,
450 1488 587 1576 imponi
608 1482 719 1575 passus
739 1483 788 1557 eil
806 1500 905 1559 totus
924 1480 1082 1559 Oriens?
1109 1481 1209 1556 Num
1227 1484 1351 1557 nativa
1373 1477 1512 1571 sua,'dt
1532 1481 1734 1560 essentialia

184 1660 191 1673 ⁴
264 1584 344 1677 jura
362 1596 435 1655 tam
453 1586 606 1675 turpiter
624 1604 690 1675 pro
710 1584 822 1657 nihilo
840 1584 1085 1657 vendiderunt
1105 1602 1231 1657 omnes
1247 1583 1299 1654 illi
1316 1578 1514 1676 Episcopi,
1536 1581 1733 1677 Archiepi·

271 1683 394 1774 scopi,
420 1680 662 1773 ,Patriarchae,
701 1682 905 1761 &favente
935 1681 1079 1775 quidem
1106 1683 1167 1755 irbi
1194 1696 1320 1755 contra
1339 1680 1464 1773 Papam
1483 1680 1736 1775 imperatores

208 1798 209 1801 ’
271 1781 396 1887 Quid,
429 1782 527 1873 quod
550 1781 619 1875 ipse
641 1780 734 1855 adeo
756 1783 902 1861 Photius
925 1803 944 1853 a
966 1784 1058 1855 Sede
1077 1802 1224 1881 romana
1244 1782 1314 1871 jam
1339 1780 1546 1870 damnatus,
1579 1803 1737 1873 eamque

272 1884 719 1976 proptereacontumeliis
750 1880 994 1973 proscindens,
1021 1881 1258 1979 hanotamen
1281 1878 1536 1972 jurisdictionis
1560 1878 1740 1974 supremae

272 1978 502 2077 potestatem,
518 1979 766 2075 ¹cuiltasienus
782 1980 940 2077 seipsum
957 1978 1175 2073 submiserat,
1198 1982 1406 2081 impugnare
1416 2000 1494 2067 nou
1509 1978 1563 2055 est
1578 1978 1708 2056 ausus!

817 2140 821 2155 A*
936 2195 974 2311 s.
1009 2201 1075 2291 16.

343 2436 345 2441 ,
417 2342 569 2419 Mortuo
589 2343 769 2418 Michaele
788 2345 1008 2437 imperatore
1029 2341 1188 2431 eiusdem
1207 2342 1392 2419 Successor
1406 2344 1550 2418 Bafilius
1575 2344 1732 2437 primam

247 2514 251 2522 ,
273 2443 368 2517 suam
386 2446 422 2517 in
440 2464 485 2515 eo
502 2443 618 2538 posuit
637 2464 755 2516 curam
772 2494 783 2531 ,
800 2486 804 2493 ·
820 2458 861 2515 ut
879 2440 1023 2515 detruso
1043 2440 1173 2515 Photio
1193 2445 1389 2539 legitimum
1400 2442 1584 2543 salionem
1605 2442 1740 2516 Eccle-

271 2542 327 2616 srae
350 2540 759 2635 Constantinopolitane
781 2542 1005 2639 restitueret,
1047 2562 1120 2633 quo
1141 2542 1235 2613 faslo
1255 2562 1343 2617 mox
1363 2542 1406 2616 ad
1422 2563 1614 2633 ,romanum
1639 2538 1742 2615 tona

189 2676 228 2705 ’-
273 2638 407 2715 tificem
437 2642 619 2735 epistolam
641 2643 755 2730 misit,
796 2644 832 2715 in
860 2662 1014 2732 quaes,
1053 2662 1130 2732 qua
1153 2641 1311 2733 fecerat,
1350 2664 1494 2716 narrans
1519 2644 1569 2715 ita
1589 2644 1737 2737 pergit:
1815 2700 1819 2708 .

216 2753 234 2795 ··
272 2740 378 2831 „iam
397 2741 563 2814 Vestrum
585 2740 634 2813 eil
659 2762 726 2829 ea,
753 2762 830 2833 quae
850 2739 1022 2829 fecimus,
1048 2755 1123 2811 rata
1144 2740 1297 2830 habere,
1324 2742 1516 2834 &reliqua
1535 2747 1740 2834 compone·

272 2859 358 2930 „rea
386 2842 549 2917 nimitum
573 2842 792 2913 decernentium
814 2842 922 2917 vobis
948 2840 1017 2926 est,
1046 2839 1131 2929 quid
1154 2838 1198 2911 de
1220 2842 1295 2911 illis·
1310 2838 1537 2931 faciendum,
1565 2841 1625 2932 qui
1649 2860 1739 2914 cum

272 2935 435 3031 „Photio
450 2942 769 3013 communicarunt.
794 2982 856 3005 -·
886 2940 981 3039 Quia
997 2958 1087 3009 uero
1100 2958 1227 3011 omnes
1243 2939 1356 3013 ferme
1371 2937 1565 3034 Episcopi,
1591 2935 1742 3025 &Pres-

137 3076 156 3088 ·-
271 3041 423 3131 „opteri
442 3038 550 3113 nostri
577 3040 668 3135 hanc
694 3042 832 3132 culpam
858 3038 1092 3124 admiserunt,
1125 3059 1309 3134 rogamus,
1341 3054 1383 3109 ut
1405 3038 1513 3133 supe'r-
1533 3058 1596 3112 eos
1614 3036 1741 3123 vestra

272 3138 547 3228 „misericordie
577 3134 708 3211 viscera
735 3138 959 3212 commoveri
986 3136 1146 3211 sinatis.“
1194 3137 1230 3211 S.
1247 3136 1403 3233 Ignatius
1428 3158 1575 3231 quoque
1598 3139 1636 3211 in
1662 3136 1737 3209 suae

273 3232 317 3309 ad
341 3236 467 3331 Papam
486 3238 642 3329 epistolar
661 3239 812 3311 exordio
832 3258 920 3311 mox
938 3232 1129 3321 Primatum
1151 3236 1272 3309 sansle
1292 3236 1412 3327 Sedis,
1439 3241 1586 3334 ejusque
1603 3233 1740 3310 aumo-

201 3368 206 3377 ·
271 3338 437 3427 ritatem,
464 3360 567 3428 qrtam
591 3338 633 3409 ad
654 3338 802 3411 sananda
824 3340 936 3410 totius
957 3334 1122 3408 Ecclesiae
1140 3340 1289 3408 vulnera
1309 3339 1470 3430 accepit,
1496 3338 1633 3411 sincere
1652 3356 1741 3430 pro·

271 3430 406 3508 fitetur.
456 3434 520 3506 His
538 3435 695 3526 epi-stolis
716 3434 897 3506 Hadriano
910 3434 940 3505 ll
962 3430 1067 3523 Papae·
1079 3436 1226 3507 redditis
1244 3432 1452 3509 Grecorum
1471 3435 1597 3533 Legati
1614 3436 1742 3520 multi·

187 3562 192 3581 ¹
272 3536 385 3625 pisces
406 3538 531 3629 gratias
553 3534 716 3605 Ecclesiae
736 3531 1115 3615 rorntn‘aefrcserebant
1137 3550 1350 3625 propterea,
1390 3536 1489 3626 quod
1510 3532 1739 3609 astisinate

270 3630 367 3721 ipsos
388 3632 585 3715 liberassem
612 3632 693 3702 dein
713 3632 961 3723 imperatoris,
981 3627 1244 3717 &Patrlarchae
1263 3636 1411 3706 nomine
1428 3637 1555 3708 librum
1572 3634 1618 3705 de
1636 3632 1741 3707 Con·

271 3729 594 3825 stanrinopolitano
615 3728 866 3803 Conciliabulo
887 3728 987 3821 Papa
1006 3731 1459 3807 examinandum··offerunt
1476 3748 1667 3828 petentes,
1697 3750 1743 3807 ut

272 3831 356 3922 quid
379 3830 423 3902 de
445 3835 507 3901 illo
526 3831 746 3903 sentiendum
768 3830 881 3916 esset,
914 3846 1075 3922 tenrquem
1086 3830 1248 3925 surnmum
1272 3830 1414 3927 Ecedsm
1436 3836 1536 3932 Caput
1557 3832 1739 3907 declaret.

272 3926 442 4003 Pontifex
462 3932 628 4021 Concilio
648 3927 913 4001 Romaeirabito
933 3928 1100 4000 Plotium
1122 3950 1202 4002 cum
1217 3920 1371 4003 ‘aslissui
1388 3929 1631 4005 Conciliabuli
1653 3954 1741 4007 ana·

272 4032 431 4105 themate
450 4028 566 4117 feriit,
589 4033 638 4101 ita
659 4028 868 4101 sententium
888 4028 1129 4100 concludens:
1156 4018 1426 4128 „Quicunque,
1455 4024 1545 4106 sr'ad
1568 4035 1647 4123 ejus
1663 4044 1743 4107 ¹tto·

241 4198 247 4201 ,
272 4133 415 4224 „titiam
440 4135 500 4202 det
515 4133 638 4221 fredit
667 4128 827 4223 apostolice
857 4130 1083 4218 pervenerit,
1121 4131 1338 4219 exemplaria
1367 4134 1462 4203 illius
1488 4131 1741 4207 Conciliabuli

150 4256 162 4305 z
273 4254 413 4324 „penes
435 4230 467 4301 se
486 4230 695 4327 retinuerit,
736 4247 872 4299 canon
891 4226 1126 4315 indicaverit,
1166 4230 1226 4299 vel
1240 4230 1317 4320 ,igni
1339 4230 1544 4320 tradiderit,
1584 4250 1746 4305 excom·

271 4330 524 4421 ‚,municetur,
551 4330 611 4399 vel
634 4324 657 4397 st
680 4322 839 4397 Clericus
861 4324 930 4411 est,
958 4325 1171 4415 deponatur.
1225 4327 1317 4425 Quae
1337 4348 1413 4401 non
1429 4329 1546 4403 solum
1568 4328 1614 4402 de
1636 4329 1745 4405 Con·

272 4426 648 4522 „stantinopolitanis,
675 4423 733 4517 sed
756 4430 861 4497 etlam
883 4422 1153 4514 Alexandrinis,
1180 4420 1444 4519 Antiochenis,
1470 4426 1745 4519 Hierosolymi-

271 4534 412 4620 „tanis,
439 4546 544 4619 atque
560 4528 605 4597 de
621 4522 787 4597 omnibu's
804 4520 1146 4595 omninoiideiious
1163 4522 1428 4601 deceruimut.“
1479 4527 1626 4601 Interim
1640 4524 1743 4603 Pon·
1881 4474 1883 4619 ἱ

212 4668 214 4675 ·
274 4628 378 4711 tisrcis
397 4630 518 4721 Legati
540 4624 878 4715 Constantinopolin
895 4621 1131 4695 aduenientes
1148 4620 1359 4714 Imperatori
1377 4621 1503 4701 liatlto
1520 4628 1741 4701 amicabiles
1882 4636 1883 4693 l

273 4736 513 4807 exhibuerunt
532 4727 686 4807 litteras,
722 4728 758 4795 in
775 4720 901 4813 quibus
922 4720 1012 4811 l’apa
1031 4725 1153 4812 petiit,
1184 4738 1224 4793 ut
1241 4726 1464 4799 lnConcilio
1485 4728 1581 4819 apud
1600 4726 1744 4800 Orien·
1881 4696 1883 4837 s

273 4833 362 4902 tales
381 4822 597 4898 celebrando
617 4844 747 4909 omnes
760 4820 976 4894 subscribant
994 4822 1147 4891 decretis
1165 4824 1302 4895 romani
1323 4822 1478 4897 Concilii
1500 4824 1673 4897 adversus
1697 4828 1743 4898 il·
1882 4838 1883 4897 l

276 4928 311 5001 la
328 4914 445 4997 Phuni
462 4922 607 4995 decreta
624 4924 806 4997 celebrati.
855 4919 1055 5015 Imperator
1072 4919 1214 5017 Legatis
1231 4922 1433 4997 honorilice
1451 4929 1615 5020 exceptis
1634 4926 1743 5038 inter

1618 5023 1694 5097 alta

1023 5273 1037 5312 -l
1139 5266 1147 5313 ⁸.
