3942 6134
289 1247 378 1308 turae
396 1229 526 1325 validi,
553 1199 687 1327 quippe
708 1229 808 1325 quod
827 1247 910 1307 ante
926 1233 1165 1328 Baptismum,
1194 1243 1256 1308 aut
1276 1227 1398 1306 saltem
1417 1231 1454 1306 in
1476 1230 1564 1327 legit
1586 1231 1747 1330 ignorati·

289 1335 361 1428 tie,
387 1353 499 1429 eaque
514 1332 715 1450 invincibili
730 1333 800 1412 fuit
816 1336 963 1410 initum:
989 1335 1039 1406 ita
1055 1329 1260 1410 Gallicanus
1278 1331 1419 1410 Dotior
1435 1329 1658 1442 Tourneiius
1676 1334 1723 1432 ⁵).
1862 1395 1863 1404 ,

436 1657 648 1758 Mogontini
680 1657 777 1734 aiiod
810 1655 970 1752 ejusdem
999 1654 1106 1730 fecuii
1140 1655 1270 1734 setium
1306 1678 1353 1734 ex
1382 1655 1501 1733 Gaffia
1533 1653 1751 1753 producunt.

295 1754 528 1833 Praetextatus
545 1758 843 1852 archiepiscopus
861 1755 1160 1852 Rothomagensrs
1184 1757 1272 1832 teste
1292 1757 1472 1854 Gregorio
1489 1756 1695 1833 Turonenfi
1715 1762 1751 1834 iu
1862 1783 1863 1804 ¹

293 1857 452 1932 fecundo
477 1857 655 1934 affinitatis
679 1858 789 1953 gradu
813 1855 1011 1954 Principem
1037 1855 1256 1931 Meroueum
1284 1857 1565 1952 dispensaverit·
1606 1855 1678 1930 seu
1703 1858 1753 1933 hic

292 1953 436 2034 storiam
456 1961 507 2032 rei
527 1961 708 2054 placeres
725 1955 872 2032 Fieurio
892 1955 1026 2028 referre
1044 1953 1123 2050 ee),
1162 1955 1384 2050 chilpericus
1404 1957 1484 2032 Rex
1501 1955 1627 2032 Gailia·
1648 1957 1771 2031 aRe·.
1862 1959 1863 2040 i

293 2059 375 2155 gina
391 2073 519 2132 contra
536 2055 788 2131 Pretext'atnm
805 2056 974 2130 incitatus
991 2053 1157 2130 eumdem
1180 2058 1217 2129 in
1236 2053 1411 2132 Parisrenss
1430 2055 1604 2132 Concilio
1614 2075 1662 2148 45
1673 2054 1752 2152 Epi·
1862 2047 1863 2070 ¹

264 2157 487 2251 -fcoporum
514 2158 703 2251 multipiici
735 2175 780 2230 ex
813 2157 931 2249 capite
962 2153 1165 2246 accusavit,
1196 2157 1367 2250 inprimis
1400 2156 1500 2250 quod
1529 2155 1747 2250 Meroveum

293 2253 493 2352 Principem
515 2278 596 2332 cum
617 2253 721 2332 affine
747 2254 805 2328 fua
824 2256 1058 2332 matrimonio
1073 2256 1244 2346 junxerit.
1296 2253 1373 2346 Ea,
1402 2277 1479 2348 qun
1502 2256 1582 2330 Rex
1607 2257 1750 2348 objicie-

202 2395 207 2402 =
293 2358 378 2448 bat,
417 2372 461 2428 ut
478 2355 638 2432 fleurius
660 2371 800 2446 narrat,
839 2351 1071 2429 Praetextatus
1091 2352 1304 2448 inficiabatur.
1336 2351 1415 2446 3En
1432 2376 1506 2430 uno
1528 2359 1648 2428 verbo
1664 2354 1750 2428 solu·

293 2469 393 2546 tum,
418 2454 597 2529 sediumve
618 2453 773 2531 no‘dum!
801 2453 941 2526 Verum
963 2454 1049 2525 dato
1071 2457 1200 2542 etiam,
1229 2453 1328 2545 quod
1352 2457 1501 2549 primum
1524 2455 1596 2530 hoe
1616 2453 1749 2530 accusa·

293 2556 407 2630 tionis
430 2565 538 2644 caput
559 2551 758 2645 Episcopus
777 2551 885 2624 fuerit
907 2549 1109 2640 confessum
1142 2553 1349 2644 quidinde,
1384 2556 1448 2637 nist
1466 2560 1687 2648 irregulariter
1698 2553 1748 2648 so

292 2657 378 2730 dum
397 2648 599 2744 probaturi
626 2648 764 2726 Nonne
786 2665 1000 2744 propterea,
1027 2649 1310 2742 quod⁴canones
1329 2653 1499 2750 fregerit,
1525 2673 1607 2728 reus
1626 2656 1746 2750 ageba·

280 2746 377 2829 ”turi
423 2769 509 2824 num
536 2747 665 2822 festum
687 2748 778 2836 hoc,
815 2761 993 2840 tamquam
1015 2748 1222 2844 episcopalis
1241 2753 1327 2844 iuris
1354 2754 1563 2828 exercitium
1589 2751 1747 2827 defendit

294 2849 493 2948 Gregorius
508 2843 756 2923 Turonenfisi
782 2848 887 2921 abiit!
915 2861 1054 2922 tantum
1071 2850 1100 2922 is
1116 2869 1237 2924 coram
1253 2849 1354 2950 Rege
1370 2855 1421 2926 ita
1437 2849 1641 2926 Praetextati
1656 2853 1746 2926 caus·

290 2949 363 3029 sam
382 2951 494 3022 tuitus
510 2945 575 3037 est,
600 2961 641 3019 ut
655 2947 718 3020 ille
734 2966 810 3022 non
826 2959 955 3020 contra
967 2945 1134 3020 Ecclesro
1150 2969 1310 3024 canones
1326 2949 1645 3027 condemnaretur:
1667 2971 1745 3026 nam

291 3049 368 3146 ipse
382 3047 464 3128 Rex
483 3045 737 3121 simulatorium
755 3043 957 3123 Procesfum
978 3043 1169 3134 fatebatur.
1193 3110 1202 3117 .
1220 3047 1370 3154 Egregie
1389 3051 1460 3124 huc
1479 3049 1648 3145 spetiem,
1672 3069 1745 3144 qua

293 3147 433 3225 dodiss.
450 3144 620 3222 Chardon
641 3143 774 3240 scripht
787 3143 892 3241 *Ὃς
927 3144 1097 3235 „Verum
1118 3141 1182 3238 esi,
1207 3148 1307 3242 quod
1327 3152 1446 3244 plures
1467 3153 1561 3222 inter
1572 3143 1745 3244 Principes

293 3251 445 3345 ,difinita
465 3246 691 3322 matrimonia
711 3257 839 3320 contra
856 3247 954 3341 leges
977 3239 1143 3324 Ecclesrae
1163 3251 1433 3340 contraxerint,
1474 3248 1627 3324 sednon
1648 3251 1745 3322 inve-

292 3353 443 3445 „nitur,
473 3343 573 3440 uuod
593 3346 655 3418 iila
677 3365 802 3418 manus
829 3343 905 3417 suas
925 3343 1085 3434 dederit,
1123 3348 1184 3420 vei
1206 3346 1502 3442 dispensationem
1525 3346 1744 3423 concesserit.

196 3523 203 3528 ,
293 3443 463 3549 „Quodsi
491 3441 823 3536 quidamEpiscopi
845 3443 1026 3517 interdum
1050 3442 1205 3518 fecerint
1227 3467 1272 3520 ex
1296 3445 1497 3543 Principum
1519 3461 1645 3538 metu,
1687 3447 1745 3520 vel

293 3540 572 3640 „complacendi
589 3537 727 3628 [tudine
766 3561 830 3636 per
848 3539 1059 3614 Confratres
1079 3541 1159 3615 suos
1180 3544 1397 3636 vituperati,
1435 3548 1469 3620 dt
1491 3543 1639 3620 asenna
1655 3543 1743 3620 Sede

294 3640 474 3740 „corredii
497 3637 597 3729 sunt,
631 3659 709 3730 que
733 3642 771 3714 in
793 3640 956 3733 pluribus
982 3640 1231 3722 oecasronibus
1255 3643 1396 3718 strenue
1422 3644 1457 3718 se
1482 3644 1671 3738 opposuit,
1706 3655 1742 3716 ut

294 3739 539 3838 „sanititatem
563 3740 812 3834 conjugiorum
837 3737 1018 3836 servaret,
1054 3737 1245 3839 &regulas
1259 3765 1291 3838 a
1311 3741 1473 3824 Patribus
1496 3746 1565 3822 het
1586 3747 1687 3842 super
1705 3761 1741 3817 re

157 3881 161 3886 ·
260 3840 471 3940 .„statutas
488 3837 671 3916 observari
686 3837 866 3916 sateree‘i
1468 3892 1480 3906 .

441 4160 554 4260 Juvat
577 4160 819 4258 Mogontinns
846 4157 1113 4257 Scriptorum
1143 4161 1322 4244 historiam
1353 4167 1547 4244 Gallicano
1571 4163 1744 4253 Ecclefe,

296 4286 366 4362 qua
385 4265 564 4340 immerito
584 4263 807 4360 gloriantur,
847 4265 997 4355 amplius
1016 4263 1276 4352 introdutere.·
1314 4268 1370 4342 ita
1390 4267 1528 4342 Natalis
1545 4265 1746 4348 Alexander
1825 4353 1842 4364 ‚

254 4403 258 4411 ,
288 4376 414 4442 'narrat
431 4363 575 4457 “Q
600 4358 721 4452 „Cum
736 4357 920 4434 Robertus
936 4359 1016 4434 Rex
1033 4361 1251 4438 Francorum
1269 4367 1436 4442 Bettham
1454 4365 1745 4462 consanguineam

294 4465 418 4557 „suam
436 4460 588 4536 duxisset
607 4480 783 4547 uxorem,
820 4466 977 4554 graviter
1000 4461 1111 4554 ipsum
1131 4463 1364 4555 reprehendit
1379 4465 1646 4561 GregoriusV,
1680 4479 1746 4535 nec

291 4585 398 4657 „non
419 4552 638 4655 Episcopoe,
677 4559 738 4654 qui
760 4559 889 4632 illicito
905 4561 1136 4637 matrimonio
1158 4565 1384 4658 prebuerant
1402 4565 1592 4656 euentum,
1605 4661 1627 4736 d
1640 4563 1747 4658 Syno-

488 4698 492 4704 '
817 4700 819 4703 ’
1141 4715 1145 4722 ·
1574 4711 1603 4756 rr
1630 4682 1698 4738 ⁰⁰¹¹

242 4785 246 4790 .
301 4762 968 4790 „nu-*m*

370 4823 406 4900 ⁶)
428 4819 474 4880 De
489 4824 614 4882 sacram.
634 4821 764 4884 Metrim.
807 4822 947 4906 Qnaeihn
965 4823 1002 4885 de
1021 4823 1171 4888 Affinitare
1187 4827 1306 4892 carnali.

342 4901 403 4983 αι.)
426 4903 473 4960 Λᾶ
492 4919 538 4968 m,
554 4918 627 4985 577,
645 4906 674 4984 t,
687 4923 738 4986 32.
859 4910 932 4991 w)
955 4908 1084 4971 Histoire
1101 4901 1153 4974 det
1168 4915 1347 4980 sacrentur.
1366 4907 1518 4996 Tetrade·
1532 4925 1602 4990 ne·
1613 4915 1683 4994 44⁶·

329 4983 399 5063 ·.·”)
420 4980 528 5047 runos.
547 4987 652 5054 eccles.
667 4990 811 5063 Tomds
832 4991 921 5069 Ca,
942 4993 1073 5080 Ams-
1544 4999 1550 5004 ¹
