3942 6134
576 1069 651 1141 '.
793 1100 1130 1151 tnn-
1360 1100 1363 1107 ·
1535 1092 1796 1199 ''157'‘

1104 1174 1111 1215 l

396 1391 790 1485 Observttuadhucdi
840 1407 895 1481 'ur
915 1402 997 1495 est,
1013 1422 1118 1499 quern
1139 1407 1232 1489 mole
1249 1400 1322 1485 fide
1337 1384 1376 1481 in
1395 1407 1465 1483 alle
1533 1405 1587 1485 dir
1603 1352 1701 1488 Con:

104 1523 105 1554 l
239 1508 342 1587 erfile
365 1509 594 1587 neumenicis
616 1504 779 1583 Pseudo·
847 1504 978 1581 ll‘uetur
995 1506 1157 1591 incedat.
1207 1506 1446 1606 Lugdunense
1481 1509 1516 1599 l,
1540 1506 1698 1589 ,Chalce-

246 1608 438 1700 donenfe,
461 1604 730 1701 &Ephefinum
750 1629 818 1704 pro
837 1606 1012 1699 exemplis
1027 1606 1157 1684 sunto!
1192 1606 1232 1683 ln
1253 1608 1370 1701 primo
1392 1608 1457 1683 illo
1480 1628 1576 1683 anno
1602 1628 1698 1716 1274

213 1720 223 1734 ’
246 1706 422 1807 Episcopi
446 1708 550 1805 greci
574 1706 621 1779 de
646 1726 805 1783 romanor
827 1704 993 1779 Ecclefiae
1017 1700 1172 1782 Primntu
1198 1707 1291 1781 suem
1318 1702 1428 1781 fidem
1451 1706 1501 1779 ita
1524 1702 1698 1801 proliten·

243 1807 308 1883 ¹tur
323 1808 390 1905 ἰ)ι
421 1806 527 1903 „ipsa
540 1826 686 1899 ottoque
704 1804 819 1881 sanor
833 1825 983 1879 romana
997 1800 1153 1880 Ecclesia
1159 1801 1322 1903 summme
1328 1856 1343 1895 ,
1378 1803 1552 1899 &plenum
1570 1800 1700 1881 Primo

103 1933 105 2003 j
214 1916 381 2003 '„tum·,
420 1902 716 2001 &Principatum
749 1904 854 2000 super
877 1902 1056 1999 anfonsum
1081 1900 1275 1981 Ecclesiam
1300 1902 1515 1980 catholicum
1541 1904 1697 2009 obtinet,

104 2021 105 2047 ¹
168 2084 175 2089 ,
196 2054 202 2063 -
244 2029 387 2105 „quem
406 2004 443 2082 le
462 2007 507 2079 ab
527 2002 605 2101 ipso
621 2003 785 2081 Domino
805 2005 843 2079 in
859 2002 900 2077 B.
910 1998 1020 2075 Petro
1035 2000 1298 2096 Apostolorum
1316 1998 1502 2098 Principe,
1527 2002 1607 2093 sure¹
1620 2024 1699 2079 ver·

104 2161 108 2300 l

104 2091 105 2148 l
242 2110 371 2204 „tice,
398 2102 499 2200 cujua
515 2124 685 2179 mmanur
701 2100 870 2179 Pontifex
887 2098 938 2177 est
949 2098 1157 2193 snccerror,
1182 2126 1254 2179 eron
1268 2101 1429 2199 potellrtr'r
1439 2103 1629 2197 plenitudine
1644 2124 1700 2179 re·

245 2202 410 2303 „cepisse
426 2206 624 2295 veraciter,
650 2202 880 2278 &humiliter
893 2200 1141 2297 recognoscit,
1166 2200 1304 2276 &licut
1319 2221 1391 2293 pre
1409 2203 1537 2281 ceteris
1552 2216 1699 2301 tenetur

244 2304 363 2403 „fidei
390 2304 580 2378 ueritatem
611 2300 834 2393 defendere,
869 2300 917 2375 fic
946 2299 979 2375 u
1005 2299 1052 2374 de
1074 2296 1169 2393 fide,
1206 2300 1339 2392 suque
1368 2296 1522 2375 subortu
1549 2298 1698 2389 llrerlnt,

104 2379 105 2460 ἶ
230 2402 510 2585 ,fiquaestionem
546 2400 611 2476 liro
634 2402 770 2477 debent
786 2399 926 2495 jndicio
951 2396 1135 2475 definirir‘
1179 2396 1222 2475 In
1246 2398 1313 2475 hac
1336 2395 1545 2477 Graeeorum
1565 2396 1700 2489 Profef·
1782 2460 1784 2465 .

205 2506 238 2599 ’ᾗ
275 2526 351 2581 one
369 2494 546 2597 systemati
567 2500 754 2601 Deferfiris
773 2502 881 2596 plene
896 2514 1098 2595 repugnent
1112 2497 1237 2574 ultimo
1254 2498 1387 2587 verba,
1423 2498 1524 2595 queis
1546 2494 1699 2575 subortu

248 2602 463 2699 questiones
479 2621 616 2677 romane
630 2600 775 2690 Ecclefiae
784 2602 907 2698 juditio
921 2596 1199 2691 submittuntur,
1226 2597 1262 2672 ἀ
1278 2594 1422 2695 quidem
1437 2612 1476 2671 ut
1495 2592 1699 2693 desmiortur,

243 2704 335 2781 bine
353 2700 490 2800 judicio
510 2697 786 2791 irreformabili,
824 2700 958 2796 quippe
978 2718 1053 2791 quo
1074 2694 1185 2773 fidem
1205 2696 1364 2771 divinam
1383 2694 1449 2771 niti
1473 2692 1614 2771 necesse
1634 2694 1698 2785 est.

241 2802 361 2879 Hunc
375 2814 416 2875 ut
431 2802 588 2896 evitaret
604 2800 812 2895 scopulum,
850 2797 984 2894 duplex
1006 2798 1230 2895 excogitavit
1244 2792 1436 2893 effugium,
1475 2795 1525 2869 ull
1546 2796 1698 2889 veritur,

243 2905 311 2981 etsi
340 2903 461 2977 textus
485 2894 782 2975 faluficationem.
835 2896 897 2971 Ad
917 2899 1069 2989 primum
1093 2899 1226 2992 igitur,
1266 2914 1314 2969 ne
1336 2893 1373 2968 in
1393 2890 1477 2988 lidei
1501 2892 1701 2985 quaestioni·

237 3004 315 3095 bna
332 3004 435 3094 'soluo
457 2998 802 3081 romono-Ecclesae
822 2996 996 3090 judicium
1021 2994 1095 3071 fine
1120 2993 1180 3068 sua
1199 2990 1369 3091 protensa
1394 2988 1598 3067 necessitate
1620 2993 1699 3069 uni·

238 3102 396 3177 versalie
421 3098 613 3173 consensus
638 3098 791 3172 deberet
811 3094 1027 3191 agnoscere,
1061 3098 1174 3171 verba
1191 3110 1262 3193 pro
1285 3096 1395 3169 teroir
1420 3102 1445 3166 ι’
1466 3092 1698 3170 Concilioin

238 3194 425 3302 praemiffia
439 3196 574 3286 polita,
607 3195 835 3291 &supienter
847 3194 1014 3285 quidem,
1047 3196 1129 3293 qpia
1149 3212 1278 3267 revera
1298 3192 1404 3267 etiam
1419 3194 1580 3281 omnium
1598 3207 1700 3268 cete·

238 3316 370 3377 rarum
386 3290 623 3386 Ecclefierum
638 3290 905 3386 particularium
925 3289 976 3364 est
995 3286 1151 3367 officium
1169 3288 1255 3366 fidei
1275 3293 1465 3367 veritatem
1487 3289 1697 3385 defendere,

238 3398 311 3476 illa
334 3394 447 3469 verba
463 3394 535 3487 'pre
554 3398 665 3467 cereris
683 3392 844 3484 larvatus
861 3389 1010 3465 Aether
1022 3382 1075 3463 Τ.
1091 3412 1137 3479 n,
1152 3404 1156 3411 ·
1173 3409 1209 3486 p.
1225 3394 1275 3473 62
1294 3394 1332 3467 ln
1356 3388 1623 3467 conclusionem
1645 3410 1698 3465 re·

241 3498 381 3584 traxit,
405 3490 499 3583 poesi
519 3493 741 3581 non‘aliter,
763 3488 826 3572 nisr
845 3509 1000 3565 unacum
1022 3506 1219 3574 ceterarum
1240 3488 1473 3565 Ecclelierum
1492 3488 1629 3583 judicio
1650 3488 1697 3567 ad

242 3584 407 3674 romane
421 3582 592 3663 Ecclesiae
602 3588 775 3683 judicium
793 3585 877 3662 fidei
896 3586 1108 3682 questiones
1126 3592 1369 3683 pertinerent,
1395 3588 1494 3689 quod
1513 3592 1617 3686 greci
1637 3590 1699 3669 Pa·

242 3711 323 3771 trea
342 3710 417 3765 non
435 3688 629 3779 dixerunt,
666 3687 782 3762 sedin
803 3708 851 3762 eo
871 3685 1064 3763 Primatum
1085 3688 1302 3784 posuerunt,
1340 3704 1381 3764 ut
1401 3710 1556 3765 romanae
1573 3689 1699 3766 Eccle·

223 3790 304 3873 'fio
316 3788 357 3864 T
356 3790 517 3878 ribunal,
549 3800 729 3881 tamquam
755 3786 953 3881 apostolica
977 3786 1074 3890 l’etri
1098 3785 1316 3864 authoritate
1340 3794 1563 3887 competent
1577 3790 1696 3869 forum

241 3912 317 3993 pro
336 3887 424 3966 fidei
448 3882 701 3999 quaestionibus
719 3883 964 3983 agnoscerent.
1020 3904 1026 3913 ’
1278 3896 1288 3907 ·
1353 3920 1355 3926 ·

695 4068 700 4075 “
836 4060 1026 4181 la·

230 4231 237 4245 ‘
391 4208 454 4285 Ad
471 4197 643 4300 alterum
668 4229 717 4283 ne
735 4168 989 4302 authoritatem
1006 4205 1090 4281 fidel
1111 4206 1321 4301 questiones
1340 4208 1504 4307 defm'endl
1518 4208 1620 4285 fateri
1638 4206 1698 4285 de·

242 4316 353 4391 beret
370 4310 615 4417 infallilpilem,
653 4308 750 4385 aliud
767 4304 1017 4403 fibielfugium
1035 4310 1144 4403 priori
1157 4312 1225 4389 ,vel
1244 4310 1317 4405 lpse
1329 4312 1400 4403 jorn
1417 4308 1544 4385 diffisus
1562 4311 1600 4383 in
1619 4308 1696 4385 lusu

245 4416 356 4488 vocis
380 4410 562 4505 quesivit,
598 4410 659 4483 hie
683 4420 783 4483 certe
805 4406 914 4481 venia
939 4404 1117 4503 indigno,
1146 4412 1282 4505 quippe
1307 4432 1327 4483 a
1351 4406 1461 4503 scopo
1489 4409 1695 4483 uuive'rfalls

245 4512 407 4587 concilii
424 4514 533 4606 longe
548 4506 765 4583 alieniffinio.
814 4502 913 4579 Hinc
927 4508 1107 4599 aitpdgr
1132 4506 1270 4597 „Certe
1284 4504 1432 4600 definire,
1457 4528 1499 4581 ac
1513 4510 1694 4585 detemirro·
1750 4598 1754 4603 Δ
1869 4489 1870 4497 Ν

243 4636 310 4704 „re
329 4630 399 4705 pro
421 4609 550 4683 eodem
570 4609 758 4681 habentur.
809 4604 902 4707 Quis
919 4620 1041 4688 eutem
1057 4602 1270 4703 Theologus
1287 4624 1362 4681 non
1381 4604 1492 4691 audiit
1512 4612 1693 4681 determine·

244 4718 376 4806 ,omues
398 4710 499 4785 sacre
523 4706 741 4798 facultatis,
776 4722 839 4781 aut
860 4708 1025 4797 quirem
1045 4723 1237 4803 propterea
1262 4704 1467 4783 infallibilee
1492 4702 1695 4803 cogitavitl

927 4800 965 4877 U
992 4826 1014 4899 3
1443 4850 1449 4861 ·
1550 4805 1648 4897 „De-

221 4970 228 4987 ’
328 5013 358 5095 ·)
378 5010 471 5089 epru.
484 5008 625 5078 urum.
643 5008 751 5083 repet.
767 5006 805 5068 ιι
818 5003 991 5085 cleptat
