3942 6134
1300 913 1326 968 Ι
1467 943 1474 950 .

801 1033 1195 1148 *⁵⁸³⁵*
1290 1029 1381 1123 ’-
1484 1036 1642 1168 ssu

83 1279 90 1286 ·
241 1262 321 1332 rllm
344 1247 541 1330 instantiam
565 1251 849 1344 pretereuntes,
892 1249 1056 1340 eamque
1069 1257 1219 1320 romana
1243 1233 1320 1319 non
1337 1245 1461 1324 viliori
1486 1253 1607 1344 pretio
1628 1254 1689 1333 sua

228 1353 386 1430 ,servitia
407 1339 671 1426 exhibiturum?
696 1342 732 1416 sl
748 1361 858 1439 grave
874 1341 1063 1421 Germanis
1084 1343 1137 1420 est
1153 1343 1331 1438 papalium
1349 1341 1608 1428 Curialistrrum
1626 1357 1691 1430 doss

240 1455 415 1541 minium,
441 1447 616 1525 remotius
634 1438 684 1516 est
702 1455 849 1532 tamen3
872 1441 932 1516 sed
953 1442 1042 1519 illud
1062 1440 1410 1537 archiepiscopalium
1428 1445 1691 1534 Curialistaruru

238 1551 439 1628 dominium
459 1567 532 1640 quo
553 1547 701 1642 propius
720 1542 848 1632 nobis,
898 1561 945 1616 eo
963 1542 1245 1632 formidabilius,
1287 1561 1336 1616 ne
1354 1546 1560 1637 imponatur
1578 1556 1687 1629 nobis
1725 1549 1730 1557 '

239 1653 383 1750 gravius
404 1667 519 1737 onus,
556 1645 590 1720 dc
610 1654 721 1740 prout
742 1643 787 1714 ab
807 1643 981 1736 exemplis
1004 1643 1136 1736 probat
1155 1638 1417 1733 sapientiilimus
1439 1645 1581 1740 quidam
1600 1651 1689 1730 Ger.

239 1754 366 1830 menie
383 1745 606 1848 Episcopus,
630 1743 835 1822 intolerabile.
890 1737 1068 1840 Exempla
1086 1751 1236 1815 terrent.

912 1944 1030 2066 ts*
1179 1955 1185 1962 ,

339 2097 348 2108 “
389 2092 452 2192 lus
474 2091 637 2170 naturale
661 2087 733 2186 diri
756 2109 832 2166 non
858 2089 1052 2184 prohibere
1075 2093 1120 2165 ab
1145 2086 1318 2164 inferiore
1345 2089 1513 2176 tribunali
1534 2099 1690 2189 appella·

238 2199 379 2274 tionem
411 2195 454 2268 ad
482 2193 682 2285 supremum
711 2189 838 2262 omisso
864 2187 1092 2266 intermedio.
1142 2188 1242 2289 QuId
1271 2187 1323 2260 est
1349 2191 1444 2262 enirn
1471 2197 1690 2288 appellatio,
1734 2230 1740 2249 ι

237 2297 301 2375 nili
323 2299 450 2382 abeo,
475 2293 534 2384 qui
562 2289 713 2384 prelium
734 2288 770 2362 sc
794 2288 912 2379 sentit,
948 2290 1171 2383 provocatio
1193 2287 1319 2380 judicis
1340 2287 1383 2362 ad
1405 2287 1504 2363 suum
1522 2291 1693 2387 Superio«

237 2393 343 2474 remi
378 2389 533 2496 Quodsi
555 2393 615 2462 ille
633 2387 745 2478 duos,
780 2401 904 2462 tresve
923 2387 1122 2482 superiores
1143 2388 1293 2477 habeat,
1327 2389 1508 2480 quodnam
1529 2391 1580 2464 eli
1599 2391 1690 2468 illud

237 2513 376 2574 naturae
389 2493 468 2584 jus,
497 2489 596 2580 qnod
611 2485 810 2582 supremum
827 2509 914 2561 mox
931 2489 1031 2560 edire
1044 2486 1202 2578 judicem
1220 2500 1345 2575 vetet,
1371 2488 1434 2560 nis
1450 2490 1548 2580 prins
1563 2489 1692 2566 adeam

239 2611 301 2670 tur
322 2613 449 2666 omnes
469 2585 604 2662 medii?
647 2587 745 2688 Quid
766 2587 886 2675 enim,
913 2586 936 2658 sr
953 2585 1068 2676 juder
1089 2585 1152 2656 ille
1171 2585 1328 2678 primus,
1355 2589 1415 2676 qui
1433 2587 1606 2660 meus-eli
1627 2611 1692 2685 op·

238 2689 398 2790 pressor,
433 2687 534 2780 supra
555 2685 590 2758 se
613 2687 733 2780 plures
753 2683 869 2756 adhuc
892 2681 953 2755 irbi
976 2684 1134 2756 invicem
1156 2681 1407 2757 subordinatus
1425 2684 1563 2772 judices
1583 2687 1693 2763 habe.

237 2805 319 2880 ret3
356 2809 450 2863 aune
475 2783 578 2858 miser
597 2803 695 2878 ego,
733 2781 919 2875 &pressus
938 2781 984 2854 ad
1008 2781 1150 2876 ipsum,
1188 2782 1224 2854 in
1250 2784 1351 2875 cujus
1373 2781 1504 2873 justitia
1527 2783 1691 2882 confido,

240 2891 445 2982 Principem
470 2883 610 2958 nonnisi
635 2903 700 2974 per
724 2897 899 2970 quatuor,
934 2883 1197 2973 autquinque,
1231 2881 1401 2971 pluresve
1426 2881 1616 2964 ascendere
1640 2889 1708 2960 ini

238 2989 404 3076 stantiae,
428 2985 546 3074 sscque
565 2980 736 3056 miseriam
756 2983 939 3052 cumulare
958 2979 1102 3052 miseriis
1125 2977 1296 3052 debebo?
1321 2977 1461 3054 Nonne
1479 2999 1607 3056 natura
1626 2986 1690 3058 mi·

198 3139 202 3147 -
238 3091 324 3167 seris
345 3087 419 3163 hoc
438 3083 628 3155 facilitavit
647 3075 854 3173 refugium?
887 3075 1026 3152 Nonne
1047 3075 1208 3152 subditus
1227 3095 1355 3152 natura
1372 3079 1465 3153 duce
1484 3081 1690 3164 immediate

240 3165 286 3263 id
311 3183 508 3275 Principem
531 3177 650 3271 potest
675 3179 887 3270 pervenire,
922 3177 1017 3251 suam
1039 3178 1090 3250 illi
1113 3181 1297 3268 quereiam
1322 3176 1518 3252 deferens?
1550 3179 1691 3260 Nonne

238 3283 412 3374 Princeps
431 3291 493 3352 ant
513 3298 578 3371 per
599 3275 633 3350 se
652 3277 784 3370 ipsum,
799 3291 872 3350 aut
891 3298 955 3372 per
975 3297 1082 3369 quem
1103 3279 1195 3349 velit
1210 3276 1491 3352 Commiliarium
1516 3279 1608 3354 hauc
1627 3305 1692 3376 po·
1746 3354 1748 3365 ,

237 3383 310 3461 test
334 3379 509 3455 discutere
532 3373 712 3450 caussam?
753 3373 891 3449 Natura
917 3395 1004 3472 ergo
1033 3375 1315 3470 appellationum
1347 3390 1485 3457 tantum
1512 3381 1623 3476 erigit
1643 3381 1692 3458 ad
1793 3463 1799 3469 ,

166 3485 168 3488 ’
238 3483 400 3580 superine
419 3479 574 3550 tribunal
594 3478 920 3570 provocationem,
959 3476 1167 3568 neutiquam
1187 3494 1279 3576 vero
1299 3497 1363 3568 per
1383 3480 1505 3550 omnia
1523 3479 1693 3557 interme·

238 3585 301 3658 dia
320 3579 532 3666 tribunalia,
571 3575 758 3652 hominum
781 3577 928 3650 arbitrio
948 3571 1164 3666 eonstituta,
1204 3595 1318 3668 usque
1340 3573 1484 3652 demum
1505 3577 1551 3650 ad
1575 3579 1693 3676 supre-

220 3703 338 3762 ,mum
357 3677 514 3774 jndicem
536 3675 788 3756 alcenfioneut.¹
860 3695 873 3704 ⁵
913 3691 918 3698 ·
954 3675 959 3687 “

911 3847 1022 3964 §6

382 3993 526 4070 Divino
546 3993 627 4088 J‘ure
649 3991 937 4092 prepositossrbi
963 3995 1073 4070 habet
1094 3991 1300 4072 christianus
1317 3995 1431 4076 homo
1459 4011 1536 4078 tunt
1553 4003 1689 4078 locales

238 4097 323 4180 suos
340 4092 521 4185 Pastures,
547 4108 623 4170 tum
642 4113 734 4167 vero
749 4091 959 4185 Supremnm
978 4100 1119 4186 ovium,
1145 4093 1375 4173 &Pastorum
1394 4105 1554 4176 omniurn
1571 4097 1691 4175 Pasto-

240 4220 344 4295 rem,
382 4197 418 4272 S.
430 4191 523 4268 Petri
542 4195 738 4268 vicariurn.
789 4189 886 4288 Huic
907 4192 1078 4287 quidquid
1103 4195 1289 4287 solvendi,
1330 4213 1393 4273 aut
1414 4189 1551 4295 ligandi
1563 4201 1601 4272 in
1622 4199 1689 4274 Ec·

226 4297 346 4374 <cleiis
370 4297 492 4368 claves
510 4291 590 4368 sunt
612 4292 817 4368 immediate
841 4289 1019 4366 aChristo
1043 4294 1152 4367 datter
1184 4297 1357 4390 potestis
1381 4319 1468 4394 ergo
1491 4283 1710 4389 quemlibet'

238 4395 383 4474 snomm
399 4390 618 4490 subditorum
638 4414 704 4486 per
719 4393 755 4464 se
772 4390 935 4482 solvere,
960 4395 1023 4467 'aut
1040 4395 1149 4489 ligare
1164 4417 1174 4465 ε
1201 4394 1306 4490 hujus
1323 4416 1408 4492 ergo
1426 4399 1621 4490 implorans
1632 4401 1691 4492 ju·

214 4493 395 4582 dicium,
420 4491 505 4582 quid
521 4489 626 4582 facit,
652 4489 715 4564 nist
737 4491 835 4582 quod
855 4492 1116 4568 institutionem
1137 4514 1157 4566 a
1175 4493 1260 4568 Deo
1281 4495 1475 4590 professam
1497 4495 1688 4589 sequatur?

242 4588 378 4672 Nostra
396 4605 582 4683 tempora,
607 4592 704 4683 quod
725 4611 801 4664 non
821 4594 971 4682 mirum,
995 4591 1175 4666 Doctores
1196 4597 1378 4681 tulerunt,
1405 4597 1464 4688 qui
1485 4595 1531 4667 de
1552 4597 1689 4689 divina,

243 4691 366 4767 nescio
385 4709 474 4784 que,
503 4689 863 4784 Archiepiscoporum
888 4693 1026 4787 origine
1046 4693 1277 4787 scripserunt,
1310 4713 1464 4785 quorum
1488 4698 1691 4790 ignorantia

198 4829 206 4843 .
245 4791 284 4864 in
308 4792 414 4866 rebus
438 4789 590 4877 divinis,
615 4811 659 4862 an
679 4791 849 4881 majorem
874 4790 1242 4880 commiserationem,
1268 4811 1313 4866 an
1335 4791 1595 4888 falfiloquuntia
1620 4816 1690 4870 ma·

203 4897 208 4901 ’
242 4889 560 4986 jortm‘mereatur
581 4887 890 4989 indignationem,
931 4887 1132 4982 subjudice
1153 4891 1196 4972 liu
1216 4887 1316 4969 esto!
1355 4889 1690 4994 Archiepiicopale's
1810 4938 1818 4950 ·

901 4987 1026 5070 ΧΗ
1523 4995 1643 5070 curia·
1697 4982 1701 4990 ’
