3942 6134
781 1053 1114 1098 Μ
1542 1052 1618 1131 225

102 1436 103 1443 Ν
305 1352 320 1391 '
356 1350 527 1433 seeundo
549 1352 638 1429 loco
659 1352 755 1429 inter
777 1350 910 1429 causat
931 1351 1085 1442 majorca
1104 1342 1281 1443 l’ontisrcl¹
1295 1348 1490 1431 reservatae
1508 1357 1665 1437 veniunt

102 1476 104 1543 ρ
205 1452 470 1550 Episcoporum
488 1452 633 1541 cauffo,
659 1472 807 1547 quarum
824 1452 1002 1548 precipua
1016 1450 1161 1523 illorum
1176 1454 1400 1544 acceptatio,
1424 1453 1483 1527 seu
1498 1458 1667 1535 iatihabl.

204 1560 284 1646 tio,
324 1556 385 1629 vel
405 1554 582 1628 consueto
600 1554 669 1643 jam
686 1554 835 1627 nomine
851 1547 1058 1644 confirmatio.
1108 1546 1306 1641 Equidem,
1341 1564 1384 1623 nt
1402 1554 1481 1644 quis
1496 1561 1600 1631 nescir
1619 1556 1665 1633 srt

205 1654 431 1751 Episcopus,
457 1653 543 1727 nillil
560 1664 689 1749 preter
705 1650 952 1747 assumtionem
968 1648 1044 1722 ssve
1059 1646 1273 1721 elestionem
1291 1649 1398 1740 suam,
1424 1648 1458 1722 dr
1472 1652 1664 1730 sacramen·

203 1756 320 1829 talem
339 1750 645 1831 consecrationem
663 1752 874 1845 requiritur3
912 1762 954 1821 nt
970 1765 1064 1819 vero
1078 1745 1114 1819 id
1130 1752 1214 1822 licite
1227 1742 1312 1839 siat,
1345 1750 1419 1823 hoc
1437 1748 1507 1841 est,
1541 1748 1666 1834 secun·

203 1854 295 1927 dum
312 1850 465 1939 divine,
504 1852 580 1925 imo
596 1848 630 1923 tr
646 1848 918 1945 naturalialegia
938 1848 1119 1943 regulam,
1160 1844 1302 1919 necesse
1319 1846 1371 1921 est
1384 1848 1420 1921 di
1470 1870 1549 1941 um,
1586 1854 1667 1926 ido·
1745 1926 1754 1937 ,

203 1972 392 2043 neumqne
414 1950 495 2045 eligi
521 1947 722 2039 Pastorem,
758 1949 922 2039 adeoque
948 1946 1114 2021 examine
1141 1964 1236 2039 opur
1265 1943 1316 2019 est
1341 1946 1388 2020 de
1444 1948 1595 2023 coelesti
1618 1951 1666 2026 ad

204 2064 352 2125 tanturn
385 2046 543 2123 officium
573 2048 745 2143 dignitate
775 2046 809 2120 tr
839 2046 1050 2121 idoneitate.
1101 2040 1187 2117 Hoc
1218 2044 1326 2140 igitur
1348 2046 1488 2139 jndicio
1519 2052 1665 2143 probari

202 2150 305 2224 idern
322 2144 394 2239 est,
418 2168 462 2221 ac
480 2150 516 2221 in
527 2144 742 2241 Episcopum
760 2142 973 2243 confirmari.
1021 2141 1081 2215 Ad
1100 2159 1206 2235 quern
1223 2162 1315 2217 vero
1329 2142 1403 2218 hoc
1417 2146 1588 2239 judicium
1605 2170 1665 2225 na·

204 2250 314 2337 tivo,
354 2244 601 2343 &originario
618 2246 698 2339 jnre
718 2247 918 2339 pertineat,
955 2239 1106 2335 idipsum
1125 2240 1197 2329 est,
1233 2240 1280 2314 de
1299 2262 1373 2335 quo
1389 2246 1520 2321 acriter
1534 2245 1664 2324 nolitia

143 2378 149 2392 1
205 2348 339 2419 diebus
365 2344 572 2439 disputatur.
625 2342 716 2419 Cum
744 2364 831 2441 ergo
854 2343 901 2417 de
924 2344 1053 2417 nativo
1075 2340 1157 2432 jure
1179 2340 1215 2411 dr
1240 2342 1434 2437 originario
1453 2349 1587 2442 agitur,
1624 2349 1665 2424 in
1798 2381 1805 2391 ’

203 2446 317 2538 ipsam
338 2446 389 2517 rei
410 2460 593 2535 naturam,
618 2441 849 2536 divinamque
863 2437 1088 2516 ecclesiastici
1105 2438 1284 2535 regiminis
1301 2438 1560 2542 institutionem
1579 2462 1665 2523 ante

205 2546 333 2619 onmia
352 2541 589 2641 indagandum
613 2542 788 2619 existimo.
837 2540 947 2616 Certe
966 2562 1009 2613 ea
1029 2558 1110 2628 rea,
1143 2549 1185 2610 ut
1204 2534 1372 2615 Ecclesia
1392 2544 1481 2616 boni
1504 2542 1665 2623 Pastorea

206 2640 471 2739 praeficiantur,
500 2642 543 2715 ad
573 2643 808 2723 universalem
834 2642 885 2715 rei
912 2636 1106 2715 christiana
1128 2636 1265 2713 Statum
1290 2641 1535 2735 maximopere
1558 2647 1667 2739 perti·

203 2760 297 2831 net,
332 2742 480 2834 eoquod
502 2745 616 2819 totino
639 2744 747 2816 ovilla
771 2740 860 2815 salua
883 2760 988 2833 quarn
1011 2737 1167 2811 maxime
1191 2734 1427 2813 ai’astoribur
1450 2741 1666 2837 dependeat.

205 2839 508 2917 eonsentientem
525 2857 643 2915 antem
662 2860 803 2916 mecum
823 2842 882 2913 vel
900 2838 1011 2933 ipsum
1023 2838 1144 2911 nabeo
1161 2833 1405 2929 Petronium,
1432 2860 1498 2931 ea,
1524 2861 1603 2933 que
1620 2843 1668 2919 ad
1741 2922 1749 2937 ,
1775 2910 1782 2926 ,

205 2938 342 3015 statum
365 2938 532 3015 Ecclesiae
555 2936 761 3015 universalia
784 2940 992 3035 pertinent,
1029 2934 1201 3009 essentiali
1224 2956 1266 3007 ac
1288 2938 1456 3030 primario
1470 2944 1668 3033 jureilliua

202 3038 383 3137 potestati
404 3038 476 3113 esse
494 3039 652 3130 subdita,
677 3041 734 3115 cul
755 3059 865 3129 cura,
890 3032 1150 3111 &sollicitudo
1173 3032 1379 3110 universalia
1399 3058 1423 3111 a
1436 3036 1576 3113 Christo
1597 3042 1670 3117 suit

200 3136 404 3230 imposta,
443 3140 501 3211 cui
522 3140 642 3211 claves
661 3138 762 3235 regni
782 3138 976 3222 coelorum,
1013 3130 1113 3227 quod
1131 3128 1183 3207 est
1199 3130 1374 3225 Ecclesia,
1407 3135 1570 3229 tradite,
1607 3144 1669 3217 cui
1741 3206 1745 3211 Α

204 3254 350 3314 omnen
376 3253 467 3308 ovea
491 3232 703 3326 commissae,
736 3232 856 3327 &qui
879 3232 1093 3313 constitutus,
1119 3229 1170 3305 est
1195 3227 1539 3313 Pastor‘Pastorumr
1569 3238 1670 3315 hunc

203 3354 293 3439 non
314 3334 421 3413 alium
445 3328 538 3422 esse,
565 3332 626 3407 nili
646 3330 810 3423 Petrum,
837 3332 986 3427 ejusque
1002 3332 1040 3406 in
1057 3326 1274 3405 Pontificatu
1290 3330 1515 3409 Successorea
1529 3334 1670 3415 inficiae
1751 3374 1754 3381 ·

205 3434 261 3511 ire
288 3450 401 3507 nemo
419 3430 687 3515 Catholicorum
706 3430 835 3525 potest.
884 3428 994 3521 lidie,
1025 3428 1162 3523 queso,
1195 3450 1320 3509 norme
1339 3432 1384 3505 ad
1402 3454 1507 3526 eum,
1533 3440 1590 3513 cui
1605 3459 1669 3513 re·

207 3536 344 3629 gimen
358 3530 470 3603 totius
490 3526 712 3624 Reipublico
731 3532 930 3620 incumbit,
960 3532 1019 3623 jur
1041 3530 1201 3624 pertinet
1216 3550 1284 3623 pro
1304 3532 1416 3605 totiua
1434 3542 1670 3615 communita·
1722 3564 1726 3574 ¹

206 3634 256 3709 tir
280 3632 384 3707 bono
406 3629 529 3707 ubivia
548 3628 706 3707 idoneor
722 3630 884 3727 iudicer,
909 3626 970 3705 seu
986 3624 1199 3737 Prepolitm
1218 3626 1488 3707 constituendis

829 3898 832 3903 ,
880 3802 1011 3918 §.rit

363 3946 427 4025 Aa
445 3948 552 4023 initio
576 3962 721 4037 autem,
745 3948 908 4041 inquies,
932 3967 1009 4023 non
1028 3948 1099 4027 suit
1115 3950 1184 4045 lic,
1208 3948 1268 4027 sed
1289 3948 1417 4033 Pauloa
1435 3957 1509 4047 line
1527 3959 1669 4059 requist-

209 4064 254 4126 to
275 4060 384 4125 antea
400 4048 492 4123 Petri
511 4042 826 4123 consensusltum
842 4048 880 4121 in
899 4045 1114 4142 Episcopum
1131 4048 1333 4148 ordinavit,
1374 4057 1563 4156 eidemque
1577 4064 1669 4140 alioa
1743 4126 1750 4137 ,

213 4148 408 4223 ordinandi
426 4148 631 4223 facultatem
649 4147 803 4239 reliquit.
857 4141 981 4219 Primis
998 4170 1144 4243 quoque
1161 4152 1286 4227 seculis
1303 4157 1383 4249 posi
1399 4159 1565 4255 Episcopi
1584 4164 1668 4237 obi·

211 4260 295 4323 tum
317 4242 443 4321 Clerua
464 4266 616 4321 unacum
638 4249 779 4342 populo
801 4248 998 4336 convenit,
1031 4252 1092 4341 qui
1115 4270 1136 4323 a
1157 4248 1193 4323 se
1212 4252 1384 4338 eletlum.
1419 4261 1596 4351 bonisque
1617 4275 1673 4337 te·

213 4344 394 4423 stimoniia
419 4350 609 4441 probatum
634 4346 821 4419 advocatia
854 4344 1064 4438 quibusdam
1094 4361 1116 4421 e
1139 4352 1272 4425 vicinia
1296 4350 1480 4451 liplscopia
1504 4360 1671 4437 ordinan·

216 4444 306 4520 dum
329 4444 570 4521 tradiderunt:
595 4440 749 4519 successu
768 4464 860 4517 vero
876 4447 1051 4536 temporit
1066 4444 1301 4525 Ecclefiarum
1318 4450 1488 4529 consensu
1501 4459 1560 4551 jus
1575 4460 1671 4533 ordi-

215 4543 329 4619 nandi
353 4544 397 4618 ad
418 4544 756 4639 Metropolitanum
767 4542 836 4618 soit
856 4544 1094 4638 devolutum,
1131 4547 1165 4619 dt
1186 4549 1260 4627 hoc
1279 4548 1517 4644 antiqulffimla
1539 4555 1672 4631 Conci·

216 4645 299 4734 liis,
324 4645 377 4719 uti
396 4640 572 4733 Niceno,
597 4640 865 4717 &Laodiceno
881 4642 1087 4719 stabilitum.
1136 4644 1248 4722 Nulla
1266 4669 1353 4745 ergo
1369 4654 1564 4751 antiquitus
1581 4676 1673 4751 pon.

218 4740 333 4832 tificja
349 4740 576 4819 confirmatio
591 4742 859 4836 requirebatur,
881 4741 940 4817 sed
958 4744 1034 4837 eiua
1053 4759 1130 4821 erat
1147 4744 1381 4837 confirmare,
1406 4753 1507 4847 cujus
1526 4754 1559 4826 dt
1576 4754 1672 4831 ordi·
1806 4801 1810 4809 ·

217 4860 322 4921 nare.
371 4838 505 4941 Disce,
526 4840 700 4940 obsecro,
723 4854 862 4921 attenta
877 4843 1259 5025 ωεέῑεοίρίυωῑωαδ
1274 4846 1400 4929 anuali
1415 4852 1675 4969 ejudemeaea·
1719 4913 1723 4922 .

927 5030 934 5043 ,
1023 5018 1032 5033 ,
1531 4968 1626 5033 nuo
