3942 6134
311 1449 318 1485 ²
447 1445 540 1521 Cum
559 1441 726 1540 pratense
745 1442 1057 1523 contraiummum
1072 1442 1283 1525 Pontiiic'em
1299 1448 1445 1527 libertas
1460 1430 1748 1543 aperteinimluro

305 1548 403 1623 omni
424 1548 643 1620 authoritate
653 1558 806 1619 externa
819 1545 1052 1634 destituaturt
1093 1548 1176 1622 hinc
1191 1554 1355 1643 plerique
1371 1552 1465 1624 illius
1483 1549 1624 1625 Patroni
1643 1552 1749 1623 inter·

303 1666 356 1725 no
373 1648 468 1720 illam
482 1646 547 1719 niti
568 1645 804 1719 fundamento
820 1647 1070 1735 contendunt3
1103 1653 1252 1739 antiquo
1270 1646 1389 1727 scilcet
1410 1648 1538 1737 inore,
1564 1648 1676 1725 &usu
1695 1666 1746 1720 re·

232 1760 239 1767 '
304 1761 428 1839 cepto.
479 1744 583 1819 Hanc
601 1744 800 1819 libertatem
816 1766 946 1841 magno
960 1744 1341 1841 verborum'adparatu
1354 1749 1631 1836 commendant,
1655 1748 1748 1821 hunc

303 1848 405 1919 omui
420 1846 500 1939 jure
515 1840 677 1917 Ecclesris
689 1843 960 1937 particularibus
976 1847 1175 1922 conuenire
1195 1846 1347 1933 volunt,
1380 1867 1456 1939 quae
1470 1842 1520 1919 est
1536 1848 1681 1921 libertas
1695 1866 1746 1919 oo·

302 1958 400 2026 lenem
423 1946 607 2031 senonen,
645 1960 702 2017 not
727 1942 952 2027 consuetudinis
976 1944 1166 2043 dfiiplinom
1188 1960 1297 2017 contro
1322 1940 1508 2037 Pontificius
1530 1950 1750 2017 innovationes

291 2044 456 2143 snoond.
516 2040 626 2134 ipsum
644 2042 737 2117 hanc
751 2051 834 2117 utut
849 2040 1042 2141 speciosam
1056 2035 1283 2121 assertionem
1302 2048 1336 2118 in
1356 2039 1454 2133 thes,
1486 2042 1560 2117 five
1574 2042 1749 2139 generali·

157 2137 188 2173 ·'
241 2218 246 2229 1
302 2139 491 2215 terialiam
511 2139 602 2229 elie,
628 2141 733 2216 facile
752 2140 1057 2242 demonstravero.
1108 2132 1251 2241 Notum
1268 2144 1400 2237 quippe
1415 2144 1581 2215 omnious
1596 2140 1660 2230 est,
1685 2136 1747 2229 qui

276 2244 362 2321 ‚vei
381 2262 400 2312 a
422 2240 548 2315 nmine
563 2231 850 2338 legisprudentiae
871 2234 1021 2325 studium
1047 2236 1263 2331 salutarunt,
1289 2260 1366 2316 earn
1389 2240 1521 2315 debere
1544 2239 1614 2317 elie
1639 2238 1744 2312 ratio

295 2342 383 2417 'tuem
411 2338 501 2413 licut
524 2342 641 2435 legum
666 2342 846 2429 civilium,
880 2336 929 2412 lu
953 2335 1142 2414 Ganonum
1167 2362 1312 2433 quoque
1332 2334 1674 2429 ecclesiasticorum,
1708 2346 1749 2408 ut

297 2437 480 2537 personis,
513 2440 603 2510 locis
623 2438 658 2508 ἃ
677 2442 901 2529 temporibus
916 2434 982 2511 l‘rnt
995 2439 1225 2529 conformes;
1242 2478 1243 2485 ¹
1258 2440 1423 2532 adeoque
1442 2460 1508 2533 pro
1523 2438 1670 2513 divetis
1684 2434 1746 2507 cir·

298 2538 518 2615 cumliantiis
537 2535 785 2627 personarunt,
810 2536 1000 2626 locorum,
1026 2535 1059 2607 dr
1081 2540 1233 2613 manime
1255 2554 1458 2633 temporum
1477 2542 1574 2633 leges
1600 2550 1746 2629 quoque

298 2634 376 2727 elie
388 2632 592 2720 variandas,
620 2648 727 2721 atque
740 2632 825 2705 hinc
839 2635 1001 2724 antiquas
1014 2634 1143 2735 cedere
1159 2638 1421 2711 re'centiorlbus
1438 2638 1581 2710 debere.
1608 2634 1746 2709 Nonne

298 2736 493 2829 enimcum
512 2730 620 2823 primi
633 2728 801 2803 Curiones
816 2730 1074 2825 statuerentur,
1099 2734 1366 2824 circumstantiis
1378 2736 1521 2809 illorum
1539 2748 1746 2827 temporum
1868 2810 1869 2829 χ

276 2831 444 2911 ‚mount
457 2826 750 2902 adcommodati?
774 2821 1555 2926 Hisergoimmutatisnonnedtillosmutari
1570 2824 1748 2929 oportet?
1868 2830 1869 2907 l

149 2946 157 2969 ‘
295 2928 376 3006 siut
389 2948 473 3004 num
489 2930 614 3002 eadem
628 2949 707 3002 non
726 2930 876 3022 amplius
896 2931 1093 3035 authoritas
1107 2930 1271 3010 Eccleiae
1289 2932 1339 3009 est
1357 2954 1425 3029 pro
1443 2931 1623 3026 disciplina
1638 2944 1749 3005 cauo·
1868 2922 1869 3013 l

296 3046 363 3103 nes
383 3024 581 3114 statuendi,
616 3026 710 3101 ficut
729 3032 816 3104 oiim
843 3028 960 3103 fuerat
988 3048 1115 3122 quarto
1140 3034 1339 3125 praecipue,
1381 3025 1413 3103 u
1438 3030 1565 3122 quinto
1597 3020 1746 3103 seculo?

294 3122 483 3219 Numquid
499 3148 577 3201 non
591 3124 765 3204 errones
777 3130 912 3221 antiqui
939 3128 1065 3221 (quod
1081 3128 1309 3229 dolendum)
1331 3152 1395 3226 per
1412 3128 1520 3207 solam
1537 3148 1611 3203 non
1626 3120 1747 3199 obser·
1826 3188 1829 3199 .

246 3295 253 3315 ,
294 3229 454 3300 nentium
473 3227 527 3300 uti
543 3230 578 3301 in
592 3224 796 3316 Gallisque
809 3224 845 3298 'u
862 3227 898 3300 in
911 3221 1105 3301 Germania
1123 3222 1341 3307 fereomnes
1355 3232 1427 3324 jam
1444 3224 1595 3301 abolitis
1630 3222 1745 3299 Sivel

293 3344 361 3420 per
374 3324 534 3406 subditos
550 3335 751 3419 potuerunt
767 3325 929 3413 aboleri}
958 3320 1023 3399 'dur
1037 3348 1055 3397 a
1070 3322 1281 3419 Superiori,
1307 3329 1333 3401 fi
1350 3324 1545 3421 expediens
1562 3320 1641 3399 sore
1656 3319 1745 3415 judi·

293 3438 374 3512 eet,
391 3422 633 3516 nonpossint?
659 3421 741 3495 Heu
758 3439 930 3514 quantum
943 3419 1127 3498 hodierne
1142 3423 1345 3513 libertates,
1362 3446 1440 3515 qun
1458 3420 1740 3515 praetenduntur,

293 3522 340 3594 ab
364 3524 518 3612 antiquis
542 3519 751 3594 canonibus
768 3518 915 3593 distant!
966 3520 1026 3591 De
1049 3520 1307 3593 consuetudine
1330 3520 1415 3613 quid
1435 3518 1576 3594 dicam?
1601 3518 1741 3613 Nonne

293 3622 412 3693 omnis
437 3619 663 3693 consuetudo
683 3620 794 3689 etiam'
812 3618 909 3692 bona
934 3615 1101 3711 expresse
1122 3620 1193 3713 legi
1215 3616 1439 3715 Imperantis
1451 3619 1580 3693 cedere
1602 3610 1739 3693 debet?
1849 3684 1853 3697 ,

177 3785 182 3802 ,
293 3717 394 3815 Quid
410 3716 522 3808 vero,
545 3717 796 3811 sopierumque
813 3720 913 3789 malae
930 3712 1018 3804 lint,
1039 3710 1115 3789 noi
1137 3718 1242 3789 bonae
1263 3714 1560 3807 consuetudines,
1580 3738 1659 3809 quae
1676 3728 1737 3809 pet

263 3834 392 3894 'nova
415 3816 559 3889 decreta
582 3812 859 3900 emendantur?¹
885 3810 1024 3917 Quodsi
1048 3811 1211 3889 Eccleflis
1234 3814 1342 3891 liceat
1364 3816 1631 3893 consuetudinis
1652 3812 1737 3911 pr'ae·
1820 3894 1825 3905 Ι

104 3935 112 3943 ’
162 3955 169 3968 ·
291 3929 397 3989 textu
438 3913 599 3990 ontifieia
613 3916 757 3988 decreta
773 3917 810 3987 in
826 3915 963 3987 irritum
978 3915 1143 4004 mittere3
1175 3934 1300 3991 nonne
1321 3914 1413 3990 idem
1431 3916 1567 3993 licitum
1585 3912 1636 3987 est
1650 3928 1737 4008 quo·
1867 3950 1868 3957 ¹

160 4022 180 4062 ¹'
291 3937 593 4107 adepiscoptiiai
634 4012 733 4116 Quid
754 4012 884 4109 ergoii
906 4011 1078 4103 Paroc‘hi,
1099 4014 1210 4088 immo
1231 4012 1255 4089 sl
1274 4013 1307 4087 u
1327 4016 1407 4101 laici
1426 4033 1553 4106 contra
1568 4005 1734 4107 Episcopi
1801 4076 1819 4099 ,
1867 4010 1868 4037 ³

118 4133 123 4144 ’
290 4111 342 4187 lui
360 4112 554 4189 dioecesana
569 4112 696 4186 statuta
713 4109 1060 4187 consuetudinis-soe
1079 4115 1279 4189 libertatem
1290 4110 1581 4209 praetenderent?
1607 4110 1663 4185 Ex
1682 4108 1734 4182 luo

290 4211 434 4286 abunde
447 4227 567 4307 putet,
587 4218 623 4289 in
637 4213 711 4305 tuest
723 4211 839 4286 falsam
859 4210 927 4285 else
940 4230 1018 4285 earn
1035 4208 1279 4301 assertionem,
1301 4233 1380 4306 quae
1390 4215 1431 4285 in
1447 4213 1561 4295 veteri
1578 4208 1640 4297 usu
1659 4208 1731 4283 sub·

165 4340 169 4345 ·
290 4308 449 4385 diturum
468 4315 524 4405 juo
548 4310 715 4408 agnoscat
737 4328 866 4385 contra
890 4309 1089 4403 Superioris
1109 4312 1348 4402 recentiorem
1375 4312 1489 4409 legem
1515 4302 1728 4403 excipiendi.

289 4400 352 4487 De
372 4411 487 4483 usibus
510 4432 600 4485 vero
620 4408 829 4505 quibusdam
852 4413 890 4483 in
910 4406 1082 4506 lypolbrfi,
1109 4408 1168 4485 seu
1189 4410 1542 4507 planelingularious
1564 4406 1589 4483 fi
1608 4409 1731 4499 ioque·

225 4567 230 4575 .
289 4530 391 4596 mur,
412 4530 565 4601 quorum
581 4512 736 4585 mutatio
752 4530 832 4582 cum
847 4512 978 4582 nnallli
992 4508 1143 4601 iasiura,
1168 4512 1228 4583 vel
1246 4508 1342 4585 sorte
1361 4500 1731 4599 i'candoloconjuntin

216 4613 219 4620 ’
291 4606 399 4696 cliet3
414 4608 721 4706 haudncgaverim
738 4609 805 4682 hos
818 4612 1041 4685 manuteneri
1055 4607 1182 4701 posse,
1196 4610 1306 4683 immo
1320 4610 1352 4683 ἃ
1367 4608 1518 4700 debere,
1537 4608 1620 4683 NB.
1634 4605 1728 4679 ialva
1866 4640 1867 4645 ¹

289 4717 410 4779 tamen
433 4706 550 4781 debita
572 4708 751 4801 Superiori
767 4714 980 4802 reuerentia.
1028 4700 1125 4781 Hinc
1140 4730 1187 4783 ne
1204 4721 1279 4782 tum
1301 4708 1442 4802 quidem
1460 4704 1642 4792 sudaster,
1666 4706 1727 4773 aut
1866 4724 1867 4759 ³

179 4832 184 4843 ·
289 4814 464 4893 proterve
483 4807 883 4903 contraLegislatorem
904 4809 989 4879 licet
1008 4808 1135 4897 reniti3
1162 4805 1219 4896 sed
1240 4829 1281 4881 ea
1290 4860 1303 4899 ,
1331 4827 1398 4901 qua
1415 4828 1482 4901 ,par
1503 4804 1573 4893 est,
1595 4792 1731 4873 submis·
1866 4826 1867 4879 3

287 4898 388 4984 ione
402 4902 517 4981 eidem
532 4907 724 4983 motivam
739 4906 955 4993 eontrarium
970 4902 1051 4989 fiant
1067 4906 1430 5005 exponendaffltque
1447 4906 1552 4981 etiam
1568 4902 1662 5077 illiges
1674 4888 1730 4968 ad·

499 5015 504 5029 ·
750 5032 754 5041 ·
781 5030 785 5039 ·
1331 5030 1335 5045 ¹
1637 5016 1687 5073 uo

1559 5092 1565 5103 ·
1866 5078 1867 5113 l
