3942 6134
805 1090 1139 1130 m
1173 1109 1182 1116 ·
1580 1081 1652 1172 387

967 1266 988 1336 Ι
1021 1305 1037 1330 .

394 1397 431 1476 Si
454 1405 580 1474 vetera
595 1238 1077 1472 historiamm'mo{ume3ata
1092 1386 1340 1482 consulamus3
1364 1356 1441 1492 ip.
1453 1396 1702 1500 hachiepilcoa

240 1519 346 1590 rum,
375 1520 443 1593 pro
463 1497 656 1570 Germania
676 1506 788 1582 certe,
806 1493 876 1566 alia
893 1490 998 1586 origo
1019 1508 1096 1562 non
1110 1487 1204 1581 fuit,
1230 1513 1335 1585 quam
1354 1493 1507 1575 stabilita
1524 1505 1702 1595 ejusmodi

242 1601 283 1674 io
304 1601 411 1672 certis
433 1599 524 1671 locis
546 1595 726 1690 delegatio
744 1587 939 1687 pontificia
953 1585 1209 1678 jurisdidiionis
1233 1613 1315 1689 erga
1337 1593 1541 1688 adiacentes
1558 1605 1596 1677 in
1615 1606 1701 1698 vici,
1854 1603 1858 1608 ’

243 1687 342 1772 canta
363 1699 594 1792 particulares
610 1691 805 1784 Ecclesiae,
832 1693 882 1764 ita
904 1705 945 1762 ut
966 1685 1141 1762 hodierna
1160 1688 1364 1768 nostrorum
1381 1695 1703 1794 Metropolitarum

239 1801 326 1891 jura
339 1798 411 1891 jam
430 1817 507 1872 non
524 1797 592 1869 alia
606 1793 694 1884 sapt,
732 1791 795 1866 nih
813 1789 885 1887 ipsa
900 1787 1141 1884 Legatnrum,
1178 1791 1238 1880 qui
1255 1793 1405 1868 nomine
1422 1799 1586 1874 Natorum
1602 1820 1702 1880 nunc

245 1899 423 1986 veniunt,
456 1897 535 1990 iura
558 1891 819 1970 consuetudine
841 1887 885 1964 ad
906 1887 1051 1962 Sedium
1075 1885 1302 1963 Succeffores
1323 1896 1506 1978 manslata.
1553 1899 1626 1975 Vei
1647 1900 1704 1976 so·
1835 1897 1839 1904 ’

244 1999 323 2072 lunt
341 1997 399 2090 ius
417 2009 552 2069 naturae
573 1992 701 2081 diilat,
727 1989 940 2086 potetiatem
957 1987 1125 2082 Delegati
1144 2004 1325 2080 nunquam
1341 1990 1441 2084 polle
1461 1997 1499 2070 in
1514 1997 1703 2095 insipiam

244 2093 415 2170 adsersus
433 2095 671 2190 Delegantem
690 2088 912 2180 accrescere,
939 2086 999 2162 led
1018 2084 1214 2162 neceisario
1234 2090 1279 2162 ab
1297 2089 1404 2182 hujus
1419 2096 1613 2170 volontate
1632 2121 1703 2176 ma·

244 2215 337 2271 nere
358 2193 648 2288 dependentem,
673 2211 694 2266 a
715 2210 783 2282 qua
802 2189 1068 2284 procationem
1089 2183 1295 2260 diversitate
1311 2193 1469 2285 ampliari
1491 2193 1615 2288 poffit,
1641 2215 1705 2274 aut

84 2345 88 2356 ·
244 2293 422 2390 restringi,
448 2293 485 2368 in
502 2293 661 2367 aliumve
679 2288 870 2364 transferri.
923 2281 1175 2388 Quorumdam
1188 2287 1390 2380 antiquitus
1407 2291 1705 2392 Archiepiscopo·

246 2415 351 2486 rum,
374 2395 450 2466 live
468 2391 566 2486 quod
583 2392 679 2465 idem
697 2385 768 2481 cli,
794 2385 1001 2483 apostolice
1016 2383 1118 2458 Sedis
1132 2386 1360 2463 vicariorum
1376 2391 1632 2469 authoritatem
1650 2399 1706 2492 ju·
1748 2475 1751 2483 ,

247 2515 290 2567 re
320 2489 512 2566 extintiam
541 2489 669 2580 inille,
708 2489 804 2561 lnter
837 2484 1116 2584 protestanticos
1144 2485 1419 2578 jurisconsultos
1450 2495 1706 2572 celeberrimus

208 2619 212 2626 ·
246 2589 564 2666 Boehmerussc'ite
587 2588 756 2663 observat
775 2589 819 2680 ὓ)
830 2639 843 2676 ,
881 2583 1030 2678 eoquod
1050 2585 1102 2658 illi
1120 2585 1267 2679 gratiam
1288 2589 1383 2678 quali
1404 2590 1629 2666 hereditario
1647 2595 1708 2668 Se.

247 2692 304 2765 dis
322 2693 402 2786 jure
422 2691 633 2774 obtentam,
660 2699 770 2780 prout
793 2685 855 2774 fat,
881 2687 951 2777 jam
972 2699 1054 2755 ¹non
1074 2701 1142 2776 pro
1163 2684 1274 2778 gratia
1297 2685 1491 2780 haberent,
1516 2710 1587 2764 nec
1610 2693 1709 2768 debi-

248 2805 324 2864 tam
350 2785 555 2882 apostolica
575 2785 656 2857 Sedi
683 2783 949 2872 reverentiam,
985 2800 1028 2854 ac
1053 2780 1332 2874 dependentium
1358 2790 1508 2882 amplius
1533 2792 1706 2878 exbibete
1810 2821 1814 2828 ¹

249 2891 413 2978 vellent,
438 2884 499 2961 sed
516 2885 638 2979 potius
656 2881 815 2976 ejusdem
830 2883 907 2974 jura
925 2881 1158 2974 perturbare,
1183 2880 1408 2959 &invadere
1425 2901 1619 2966 tentarent.
1669 2893 1707 2968 si

248 2986 449 3064 hodiedum
467 2987 558 3060 natis
577 2979 942 3076 hujusmodiLegatis
957 2976 1069 3052 Sedet
1092 2975 1289 3072 apostolica
1306 2980 1366 3058 sua
1383 3005 1428 3060 ea
1446 2987 1707 3068 conmetudlne

252 3089 415 3162 derivata
432 3089 532 3178 jura,
557 3101 636 3176 quae
659 3099 758 3154 nunc
780 3077 1095 3174 archiepiscopalia
1116 3077 1510 3180 audiunmtrmquilta
1534 3087 1710 3181 polieffio·

238 3187 308 3262 mie
327 3187 439 3280 gratia
458 3183 648 3270 relinqtlit3
683 3177 847 3272 prolatio
868 3179 945 3254 haec
964 3184 1076 3273 gratia
1096 3197 1174 3252 non
1195 3177 1312 3253 obstat
1328 3183 1398 3276 juri
1421 3185 1627 3279 apostolicae
1646 3191 1710 3268 So·
1867 3241 1877 3254 ι
1907 3176 1914 3186 ’

249 3285 318 3368 dir,
348 3300 416 3376 pro
431 3293 635 3376 temporum
657 3277 838 3374 exigentia
855 3297 980 3351 nouos
998 3275 1045 3347 de
1064 3274 1195 3349 Latere
1213 3274 1276 3350 suo
1294 3279 1472 3379 Legatos,
1503 3306 1595 3382 quos
1611 3289 1710 3370 Nan.
1739 3306 1744 3314 ’

255 3391 316 3460 tias
334 3389 528 3474 vocamus,
554 3391 781 3475 congruente
803 3397 882 3451 cum
896 3372 1143 3472 jurisdictione
1161 3376 1402 3457 submittendi.

907 3551 1057 3671 §.140

405 3701 459 3778 Ut
481 3722 557 3778 non
577 3703 648 3798 jam
674 3699 839 3796 dejure,
876 3695 935 3771 sed
963 3697 1009 3772 de
1029 3695 1152 3772 officio
1174 3697 1302 3792 loquat
1321 3697 1494 3780 divinitus
1513 3705 1713 3808 impositos

258 3803 440 3897 quiaillud
461 3803 497 3872 in
517 3817 780 3896 eatemporum
802 3795 1029 3896 necesitate,
1055 3797 1118 3872 niti
1141 3801 1389 3892 extremitate,
1415 3814 1622 3906 negaverit,
1646 3819 1709 3890 ubi

255 3907 294 3977 in
313 3899 422 3974 Clero
445 3899 648 3972 inveterata
670 3903 730 3974 illa
751 3900 840 3972 vitia
858 3897 1049 3988 Simonias,
1076 3912 1138 3972 atat
1158 3901 1422 3985 concubinatus
1444 3911 1599 3987 eatintia
1620 3933 1710 3988 oon·

186 4081 191 4088 ‚
263 4001 362 4089 dum,
376 3998 472 4072 forte
485 4019 532 4069 ne
551 3995 722 4082 diminuta
738 3997 881 4088 quidem
897 3997 997 4084 sunt3
1011 3998 1073 4070 ubi
1086 3997 1222 4071 lltmmo
1235 3999 1531 4084 Acatholicorum
1544 4010 1710 4086 scandalo

258 4104 376 4176 unitas
398 4096 610 4192 discipline,
638 4096 672 4170 dt
696 4095 914 4171 obedientie
935 4095 1013 4170 fere
1031 4097 1103 4190 jam
1127 4098 1283 4193 disrupta
1305 4100 1376 4194 eil,
1402 4109 1647 4206 arrogantibus
1668 4111 1710 4186 fi.

229 4203 292 4300 ‚bi
318 4197 527 4290 quibusdam
552 4194 750 4272 Ordinariis
773 4214 951 4270 canonum
978 4192 1230 4272 universalium
1255 4198 1573 4297 dispensationem,
1609 4211 1712 4302 quid·

262 4303 298 4374 ni
323 4299 356 4372 dc
385 4295 656 4372 abolitionem?
700 4297 775 4379 imo
805 4296 1068 4390 obligationum
1096 4316 1177 4370 com
1201 4295 1414 4376 sacerdotio
1441 4305 1710 4397 coniunilsram

205 4483 213 4492 „
261 4399 555 4494 abrogationem,
595 4409 767 4470 votorum
789 4394 1034 4492 religiosorum
1052 4392 1340 4488 diffolutionem‚
1380 4401 1516 4498 piarum
1533 4403 1712 4492 fundatio

259 4517 345 4570 num
367 4495 487 4568 verius
511 4492 809 4587 destruilionem,
838 4515 942 4587 quam
963 4493 1278 4584 emendationem
1301 4502 1362 4574 ubi
1386 4505 1544 4596 paternis
1563 4513 1712 4586 promtis

258 4597 383 4670 summi
405 4591 553 4668 Pastoris
577 4595 674 4668 nulla
701 4596 881 4671 audientia
895 4589 1104 4690 probetur,
1140 4597 1226 4690 quin
1248 4597 1354 4673 etiam
1374 4616 1498 4698 aperte
1518 4605 1710 4697 tefistitur3

175 4789 180 4798 ι
261 4697 323 4770 ubi
340 4693 520 4800 Dotlores
542 4713 700 4770 errorum
710 4746 725 4787 ,
762 4711 824 4773 aut
841 4698 946 4866 piar&
964 4697 1177 4792 irreligionis
1195 4696 1289 4774 fama
1304 4701 1477 4802 divulgati
1497 4727 1575 4782 non
1595 4707 1708 4787 solum

951 4815 1012 4870 cc
1047 4817 1068 4870 2
1571 4813 1663 4884 tole·

262 4925 928 4946 ..ι-ιφ--υ--ι-

105 4978 108 4986 ’
306 4973 309 4980 ’
333 5011 364 5093 ⁶)
386 5008 509 5074 Obsetv.
522 5019 562 5084 25
584 5010 619 5070 ad
637 5007 699 5070 Pet.
725 5009 762 5070 dc
779 4971 893 5074 marea.
910 5008 993 5085 Las,
1014 5007 1051 5078 C.
1059 5028 1114 5093 40·
