3942 6134
183 1187 186 1193 .
309 1139 332 1217 ⁸
817 1144 1157 1189 ——nn

267 1300 460 1391 dic‘aii'ent'3
486 1320 531 1375 ex
549 1296 693 1373 divertis
711 1310 830 1373 tamen
846 1300 1073 1395 regionibus,
1089 1318 1168 1393 quo
1185 1292 1366 1389 cuique'in
1384 1294 1480 1373 suam
1495 1311 1630 1395 partem
1645 1289 1727 1379 σοῦ’

268 1404 404 1495 serant,
427 1422 539 1475 unam
552 1399 644 1472 haud
662 1396 883 1495 collegiffent
900 1396 1117 1485 decimam,
1140 1398 1200 1471 sed
1217 1399 1341 1496 finguli
1354 1400 1502 1494 singulas
1522 1399 1557 1474 se
1573 1400 1608 1474 se
1623 1402 1721 1477 inter

267 1509 372 1583 nullo
394 1500 593 1599 societatis,
619 1496 678 1571 sed
695 1515 834 1574 tantum
854 1500 1011 1571 caritatis
1029 1501 1181 1571 vincuio
1199 1500 1243 1569 ad
1265 1516 1427 1589 tempus,
1452 1496 1573 1572 donec
1591 1502 1721 1576 caritar

268 1602 533 1699 refrigesceret,
561 1598 788 1691 coniundiaa,
818 1599 952 1691 quippe
974 1616 1122 1688 querum
1143 1600 1258 1689 capita
1278 1598 1411 1670 nullam
1430 1596 1628 1673 habuiffent
1648 1596 1720 1673 ase

267 1718 399 1779 mutuo
425 1696 724 1791 dependentiam,
754 1718 844 1793 e.,g.
861 1682 1131 1769 Bartholomaeo
1150 1717 1232 1793 erga
1248 1693 1448 1787 Philippum
1477 1700 1575 1771 nulla
1593 1692 1725 1790 otidue,

265 1798 512 1901 jurisdieiione
532 1798 709 1892 regiminis
725 1800 887 1893 predito.
940 1792 980 1867 ld
997 1815 1088 1867 vero
1104 1796 1310 1887 neutiquam
1328 1792 1575 1887 rapientiffimo
1589 1780 1720 1871 Christi

173 1912 177 1923 ’
270 1901 424 1977 consilio
446 1910 522 1968 emt
547 1898 792 1985 conveniens,
813 1892 884 1989 ‘qui
904 1895 941 1969 in
959 1894 1054 1970 hanc
1073 1910 1201 1967 terram
1224 1894 1441 1983 advenerat,
1467 1907 1510 1967 ut
1530 1913 1576 1969 ex
1595 1898 1720 1970 multia

266 2001 413 2105 populis
437 2014 546 2069 unum
573 1994 634 2069 fibi
661 2013 832 2093 regnum,
864 1990 1044 2087 perpetuo
1071 1991 1299 2081 duraturum,
1332 1990 1592 2076 constituerem
1628 1992 1719 2069 hinc

198 2122 200 2132 ’
268 2118 381 2173 unum
398 2094 505 2189 elegit
523 2092 600 2184 post
617 2094 714 2169 suurn
729 2092 814 2167 inde
831 2090 1012 2167 discessum
1031 2094 1117 2169 ioco
1136 2092 1184 2167 tui
1197 2092 1406 2191 vicarium,
1422 2089 1563 2186 seilicet·
1572 2088 1720 2169 Petrum

266 2194 402 2275 summa
416 2212 534 2272 rerum
549 2194 667 2271 eidem
687 2190 886 2270 committa:
918 2189 990 2275 iiii
1003 2195 1082 2269 dabo
1097 2197 1203 2273 eiauer
1217 2213 1308 2301 regne
1322 2194 1478 2269 eduma.
1529 2217 1567 2253 ι.
1640 2208 1645 2217 ·
1698 2212 1712 2247 ⁷.

936 2380 1049 2501 io

404 2532 532 2632 ¹Erunt
553 2548 721 2645 forfittn,
756 2556 815 2649 qui
841 2558 920 2645 §.7
942 2553 1176 2631 offendantur
1200 2556 1352 2653 paritate
1373 2522 1525 2653 supremi
1545 2556 1582 2631 in
1604 2570 1719 2655 regno

266 2650 465 2751 Principis,
493 2660 717 2747 aliorumque
734 2654 949 2747 uenarum,
977 2654 1094 2739 eidern
1112 2672 1232 2733 tamen
1248 2656 1492 2749 subditorum,
1518 2656 1612 2749 quasi
1629 2656 1725 2731 ficut

125 2763 128 2773 '
265 2756 303 2833 hi
321 2754 477 2829 nonnifi
494 2753 664 2847 Principis
683 2755 782 2827 vices
800 2766 949 2851 gerunt,
965 2756 1029 2828 -ite
1043 2754 1210 2847 Apostoli
1226 2755 1479 2832 tantummodo
1497 2752 1615 2847 Petri,
1640 2774 1719 2834 uon
1827 2842 1834 2854 ,

266 2874 362 2928 vero
384 2851 489 2947 ipsius
513 2846 638 2925 Christi
667 2849 801 2937 Vicani
827 2850 980 2931 fuiiient.
1050 2855 1188 2957 Quodsi
1212 2857 1306 2931 hanc
1323 2853 1587 2931 iimiiitudinem
1612 2856 1718 2946 (non

265 2950 433 3045 equidem
450 2946 669 3043 pe'rfedtam)
695 2952 841 3047 indigne
857 2951 996 3043 ferant3
1020 2969 1120 3029 certe
1137 2954 1232 3028 haud
1251 2958 1384 3045 inme,
1408 2953 1468 3028 sed
1487 2954 1525 3026 in
1543 2948 1720 3027 Christum

267 3050 382 3147 ipsum
397 3049 598 3145 indignatio
614 3039 752 3123 recidat
764 3048 905 3127 neceffe
924 3052 995 3142 est,
1010 3053 1071 3145 qui
1087 3051 1304 3147 supremam,
1319 3074 1469 3153 eamque
1479 3048 1720 3147 pimiffimam,
1768 3055 1772 3063 '

266 3151 401 3245 quippe
419 3150 630 3223 illimitutam
647 3150 826 3247 regiminis
844 3150 1209 3247 potuiatem‘apertis
1224 3153 1318 3227 adeo
1334 3154 1475 3241 verbis,
1491 3166 1600 3243 atque
1616 3170 1720 3223 ener-

265 3251 355 3349 gicis
373 3245 481 3320 Petro
502 3247 682 3343 promifit‚
720 3246 793 3323 utu
815 3242 892 3323 dubo
913 3256 1020 3327 ciuues
1040 3260 1130 3347 regni
1149 3260 1315 3344 colorum,
1338 3254 1537 3351 quodcunque
1553 3254 1722 3343 ligaveris,

83 3437 86 3446 .
265 3350 467 3443 ‘uifilvm'i
485 3353 641 3433 5²¹⁸sser
696 3348 829 3429 ’δ’ἰη
850 3352 1092 3441 conlegarum,
1114 3356 1327 3440 oursoluturn·
1382 3348 1567 3443 Quidquid
1587 3348 1719 3439 ligave-
1811 3406 1823 3419 ,.

223 3452 233 3476 ’
266 3448 339 3533 ris,
356 3462 443 3537 ergo
459 3444 493 3513 u
511 3444 548 3513 in
566 3444 656 3526 tuis,
718 3459 811 3533 opud
824 3440 954 3532 suerit,
972 3440 1222 3531 Coapostolis3
1239 3449 1405 3529 interra,
1425 3462 1511 3537 ergo
1525 3443 1559 3537 de
1570 3444 1607 3513 in
1624 3445 1717 3517 locie

266 3547 419 3619 aliorum
430 3536 690 3633 Apostolorum
703 3534 956 3630 predicatione
971 3541 1166 3629 convertis,
1185 3560 1382 3632 eorumque
1399 3557 1493 3612 cure
1510 3539 1717 3617 immediate

267 3640 428 3719 subditis.
472 3633 1051 3740 Hancuniversaiiejmirdidiionin
1061 3639 1368 3732 plenitudinemio
1379 3636 1486 3711 Petro
1498 3638 1643 3713 tuforte
1653 3662 1717 3735 po·

266 3738 432 3816 testatem
447 3735 554 3809 dices
573 3736 764 3824 mediatem,
785 3735 818 3807 dt
842 3742 1153 3813 extraordinariam?
1203 3738 1239 3812 Si
1261 3739 1307 3811 de
1325 3738 1493 3832 prudenti
1513 3743 1718 3817 oeconornie

267 3836 395 4013 effusid
413 3838 610 3931 intelligas,
630 3854 755 3909 manus
770 3836 835 3908 tibi
853 3856 948 3911 meas
966 3836 1036 3923 d03
1069 3836 1092 3911 st
1119 3836 1254 3933 dejure
1274 3860 1388 3930 vero,
1414 3835 1554 3912 Christo
1577 3856 1719 3913 contra·
1737 3858 1761 3876 f

295 3936 463 4027 icir‚·qui
482 3932 610 4024 Petro,
633 3954 701 4007 ceu
717 3932 907 4009 universali
925 3936 975 4011 sui
992 3936 1165 4028 vicario,
1187 3924 1488 4013 hanc'itiimitatem
1503 3936 1718 4031 potestatem

266 4036 419 4135 proprio
446 4054 512 4107 ore
531 4032 708 4123 contulit,
731 4034 815 4107 hinc
837 4033 919 4109 sone
941 4038 1154 4125 ordinariam,
1179 4035 1213 4110 dt
1235 4041 1488 4112 immeritum«
1515 4034 1716 4131 Episcopus

268 4131 517 4229 imprudenter
532 4132 788 4223 immoretur,
817 4137 876 4207 vei
893 4138 1015 4228 potius
1027 4139 1208 4211 abuteretur
1223 4134 1487 4229 jurisdictione,
1512 4134 1717 4211 iiParochia

266 4232 539 4328 insuperhabitis
557 4234 726 4326 pleraque
734 4277 753 4321 ,ι
774 4230 808 4304 de
826 4254 929 4307 more
950 4235 1058 4309 solito
1078 4256 1141 4328 per
1155 4228 1315 4330 seipsum
1330 4232 1535 4325 ordinaretp'
1561 4234 1718 4329 potestne

266 4348 390 4427 tameo
412 4330 664 4423 iurisdidiionir
689 4330 808 4423 quoad
832 4333 982 4431 ungulas
1010 4331 1198 4411 Perochiae
1222 4335 1423 4423 ordinaria,
1453 4332 1487 4406 dt
1512 4334 1717 4427 immediata

266 4434 306 4511 in
320 4430 502 4525 Episcopo
515 4428 665 4520 refidet,
685 4450 789 4521 quam
804 4435 988 4529 etiamjure
1004 4454 1174 4507 exercere
1190 4432 1309 4529 potest
1318 4436 1418 4531 gravi
1432 4436 1573 4507 ratione
1591 4434 1628 4506 id
1641 4438 1718 4507 exi.

267 4544 390 4705 {ento
441 4524 536 4603 Hinc
559 4540 679 4603 certos
705 4527 824 4621 casua,
846 4548 911 4606 aut
932 4533 1256 4628 certar'personea‚
1280 4555 1313 4607 e.
1328 4554 1361 4630 g.
1379 4534 1561 4607 Moniales
1581 4535 1717 4608 merito

288 4630 467 4726 piscopos
495 4626 562 4705 suis
587 4620 624 4703 in
652 4624 832 4705 Parochiis
856 4628 1024 4706 reservat.
1090 4630 1385 4727 Adpiicationem
1407 4650 1519 4725 penes
1541 4632 1716 4725 teipsum

271 4748 372 4821 equa
391 4730 494 4801 lance
514 4726 695 4823 pondera,
716 4730 765 4805 mi
786 4732 926 4825 optime
945 4727 1099 4805 Leuior!
1134 4730 1304 4807 Ceterum
1318 4752 1364 4830 ex
1378 4729 1438 4801 ilia
1454 4727 1606 4823 supremi
1620 4727 1719 4805 Prin

271 4827 358 4916 eipir
384 4828 534 4923 paritate
549 4824 713 4901 nondum
729 4825 908 4919 sequitur,
934 4829 1033 4923 quod
1055 4828 1100 4902 ad
1123 4832 1296 4905 invidiam
1321 4826 1548 4903 conflandam
1573 4828 1718 4922 quidam

110 4990 115 4996 .
271 4920 485 5029 extrahunt:
514 4944 592 5010 uon
613 4920 709 5004 enirn
729 4926 819 5045 deut
837 4926 963 5009 mundi
986 4924 1171 5029 Principes
1185 4936 1316 5035 proprie
1338 4928 1479 5009 Nonne
1485 4977 1500 5020 ,
1522 4926 1572 5003 iu
1588 4924 1718 5043 Petnu

1840 3915 1850 3956 i
