3942 6134
320 739 358 804 θ,

307 1071 378 1161 398
528 1053 540 1062 “
811 1051 1145 1138 -me-

136 1259 139 1266 .
187 1235 188 1243 ¹
261 1233 565 1336 acquiescentibus
580 1227 628 1306 ad
649 1225 824 1325 Ioannem
845 1229 1187 1326 primaelustiniaoae
1199 1226 1438 1328 Episcopum,
1473 1229 1608 1331 myst&
1631 1233 1704 1316 pff,

258 1361 412 1429 nsatem,
434 1337 470 1410 u
487 1331 609 1410 sance
624 1329 725 1406 Sedis
743 1331 925 1424 vicarium
942 1329 1057 1406 caussa
1068 1330 1146 1406 haec
1161 1329 1299 1408 remissa
1314 1330 1384 1408 est:
1408 1353 1564 1426 cumque
1577 1338 1705 1416 Adria·
1764 1328 1771 1345 “

254 1457 329 1524 nus
346 1437 504 1516 Primatis
516 1432 654 1528 judicio
671 1431 800 1508 iterum
817 1429 1017 1521 cecidisset,
1038 1427 1209 1526 adipsum
1228 1431 1357 1526 Papam
1371 1431 1628 1532 S.Gregorium
1643 1434 1708 1534 ap·

259 1543 430 1644 pellabat.
482 1531 652 1620 Pontifex
672 1529 734 1603 diu
757 1527 964 1624 exipeuatis
984 1529 1199 1626 Justinianaei
1219 1529 1363 1626 Legatls
1385 1531 1461 1608 adia
1483 1550 1556 1612 tam
1575 1559 1597 1612 a
1616 1540 1706 1631 judi·

263 1647 322 1720 cio
339 1633 611 1730 Metropolitae,
649 1649 754 1723 quam
773 1629 807 1704 dt
827 1627 985 1714 Primatls
1009 1630 1053 1704 ad
1074 1629 1108 1705 se
1126 1633 1321 1723 avocavit,
1357 1651 1533 1727 novoque
1553 1639 1707 1716 examini

108 1736 110 1741 ⁵
259 1740 433 1837 subjecit,
472 1754 542 1809 ¹¹00
562 1751 639 1806 110ss
659 1745 850 1822 utrumque
870 1731 966 1823 prius
985 1731 1157 1824 judicium
1179 1733 1286 1828 plane
1309 1732 1533 1828 illegitimum
1554 1736 1709 1812 declara·

259 1847 339 1931 uit,
376 1834 517 1922 Primati
538 1830 785 1928 penitentiam
809 1829 954 1926 triginta
978 1829 1115 1906 dierum
1138 1832 1279 1911 interim
1303 1833 1506 1924 imponens.
1554 1835 1617 1910 Ad
1640 1839 1708 1910 Ar·
1807 1880 1813 1893 ·

123 1929 129 1940 ’
261 1935 527 2036 chlepiscopum
546 1921 646 2005 vero‘
653 1927 854 2004 Lariffaeum
870 1930 1006 2004 litteras
1015 1931 1135 2022 misit,
1160 1934 1198 2006 in
1214 1932 1343 2026 quibus
1356 1930 1419 2008 sub
1436 1954 1540 2028 poena
1559 1955 1709 2011 excom·

227 2067 232 2076 ·
259 2036 513 2122 manicationis
530 2029 647 2108 eidem
662 2027 844 2123 injunxit,¹
872 2028 953 2103 utu
972 2050 1076 2122 quaro
1094 2035 1243 2126 amplius
1259 2029 1456 2122 asliouem,
1489 2034 1711 2114 criminalem

260 2141 326 2215 vel
347 2136 512 2224 civilem,
543 2145 672 2206 contra
689 2125 898 2202 Thebarum
919 2127 1136 2226 Episcopum
1158 2131 1216 2205 sua
1231 2127 1481 2226 jnrisdielione
1494 2133 1567 2226 iam
1592 2157 1710 2212 exem·

260 2255 339 2318 ium
361 2236 530 2323 haberet,
562 2230 734 2326 ‘'Massi'‘
751 2229 910 2317 Nubelis,
940 2237 998 2326 qut'
1016 2230 1277 2326 Constammpoli
1293 2225 1406 2327 effem,
1431 2233 1590 2325 judicium
1610 2233 1711 2327 defer·

261 2357 327 2423 ru.
376 2332 433 2409 En
455 2327 620 2428 expressis
642 2328 763 2404 verbis
781 2326 905 2404 stabile
925 2329 1081 2408 tribunal
1098 2327 1295 2428 pontificie
1313 2329 1522 2428 Legationis
1539 2331 1710 2433 constan.

262 2435 422 2536 tinopoli
444 2429 617 2510 etesium!
1642 2449 1648 2457 .

411 2751 523 2844 Sunt,
562 2750 623 2846 qui
642 2747 716 2826 hoc
734 2765 807 2828 tam
823 2764 991 2847 apertum
1006 2749 1266 2828 documentum
1289 2763 1467 2847 protextu
1486 2750 1606 2830 saltem
1625 2777 1712 2851 quo·

264 2859 346 2940 dam
367 2853 558 2931 obscurare
576 2854 758 2942 nitantur,
784 2849 931 2944 eoquod
954 2864 1034 2926 tota
1051 2851 1128 2926 hec
1146 2850 1261 2926 caussa
1281 2849 1450 2928 Thebani
1467 2852 1633 2951 Episcopi
1658 2874 1709 2934 ut·

263 2975 357 3058 pote
379 2977 425 3032 ex
445 2951 690 3048 lllyrico'uon
716 2951 760 3025 ad
780 2953 1018 3042 orientalem,
1061 2950 1121 3027 sed
1145 2950 1190 3024 ad
1212 2951 1476 3030 occidentalem
1497 2950 1711 3036 Patriarcha·

262 3073 340 3136 tum
359 3055 584 3152 pertinuerit.
637 3053 871 3154 Quocunque
891 3066 1011 3127 autem
1030 3049 1064 3124 se
1082 3062 1248 3144 vertant,
1274 3055 1402 3128 nullibi
1421 3052 1476 3126 bit
1495 3053 1567 3130 auli
1587 3059 1710 3136 locus:

263 3179 346 3236 nam
362 3157 473 3254 ipsum
489 3149 719 3228 Nuntiaturae
735 3152 889 3226 tribunal
904 3166 1006 3226 extra
1021 3149 1234 3228 Occidentis
1253 3146 1551 3244 Patrinrchatum,
1577 3177 1710 3253 nempe

264 3255 581 3349 Constantinopoli
597 3249 821 3340 subsistebat3
841 3258 966 3346 ‘neque
983 3249 1096 3326 solum
1112 3270 1179 3346 pro
1197 3251 1506 3342 occidentalibus,
1533 3252 1713 3350 sedunam

264 3359 420 3440 maxime
446 3373 514 3450 pro
539 3347 660 3427 cauliis
681 3353 939 3450 orientalibus,
972 3349 1009 3424 id
1032 3350 1132 3443 quod
1154 3370 1202 3450 etr
1220 3349 1354 3426 eodem
1367 3349 1514 3428 Fleurio
1535 3375 1622 3431 mon
1641 3357 1711 3450 seq.

265 3463 367 3552 με
397 3467 510 3548 patet.
559 3449 794 3544 Presbytetos
825 3453 919 3528 enirn
948 3449 1374 3543 constantinopolitanos
1401 3454 1563 3545 injuriam
1595 3455 1711 3550 passos

264 3559 301 3632 s.
316 3553 484 3627 Pontifex
498 3549 693 3646 Gregorius
716 3571 736 3624 a
759 3547 822 3624 suo
836 3549 982 3626 Nuntio
1005 3551 1139 3626 ibidem
1159 3565 1248 3624 tunc
1269 3567 1531 3641 commorante,
1555 3552 1711 3640 Sabinia-

264 3674 318 3732 no
334 3651 516 3748 dijudicari
535 3647 628 3745 juffit
646 3651 696 3736 ·).
747 3649 861 3754 Quod
883 3671 974 3725 vero
991 3650 1049 3724 hic
1065 3648 1373 3725 animadversione
1391 3650 1531 3747 dignius
1550 3651 1612 3745 est,
1634 3678 1714 3751 pro·

266 3755 348 3852 prio
369 3774 435 3826 ore
456 3751 490 3824 se
511 3750 682 3826 damnant
701 3747 940 3838 Febroniani‚
975 3749 1036 3839 qui
1057 3769 1132 3842 quo
1149 3749 1258 3844 magis
1276 3747 1309 3822 S.
1323 3745 1416 3823 Petri
1435 3751 1625 3828 Primatum
1649 3758 1713 3830 dc·

267 3855 423 3949 primere
441 3857 608 3942 queant·,'
633 3871 680 3924 eo
700 3851 806 3924 altius
823 3846 1103 3923 Patriarcharum
1124 3847 1337 3941 potestatem
1358 3853 1536 3924 extollere
1556 3872 1632 3928 non
1653 3855 1716 3932 du·

180 3966 184 3973 '
266 3956 406 4042 bitant,
444 3951 586 4040 illisque
603 3951 697 4045 larga
716 3968 823 4022 manu
840 3949 1042 4024 attribuunt
1058 3948 1116 4042 ius
1132 3947 1413 4044 Delegationum
1436 3952 1544 4026 etiam
1564 3973 1646 4030 cum
1662 3958 1717 4052 ju·

264 4049 472 4130 risdldiione
487 4047 781 4141 conlundiarum,
806 4048 905 4138 quod
924 4063 1043 4124 tamen
1059 4047 1249 4123 universali
1268 4045 1434 4123 Ecclesiae·
1452 4046 1618 4145 Primati,
1644 4077 1716 4150 qua

216 4169 218 4176 ·
263 4151 410 4249 possunt
429 4150 488 4237 vi,
521 4145 890 4248 &fraudetsurripere
908 4149 1120 4223 allaborant.
1169 4147 1322 4223 simma
1342 4147 1412 4222 fuit
1431 4153 1628 4242 antiquitus
1650 4159 1710 4231 vel

265 4248 508 4349 patriarchalis
531 4243 712 4343 potestas,
745 4265 823 4338 quae
847 4245 988 4324 nonnisi
1013 4249 1154 4322 rivulus
1177 4263 1254 4320 erat
1277 4267 1322 4323 ex
1349 4248 1539 4324 universali
1562 4251 1713 4332 flumine

125 4429 130 4438 ,
267 4355 313 4426 ab
332 4339 542 4424 hominibus
563 4345 656 4440 quasi
683 4344 885 4438 alienatus,
926 4361 1095 4440 quantam
1120 4357 1270 4442 oportet
1297 4345 1494 4424 hodiedum
1521 4352 1713 4446 agnuscere

266 4446 489 4549 pontificiam
504 4443 807 4539 jurisditionem,
833 4448 871 4524 in
887 4467 956 4540 qua
972 4444 1099 4528 divino
1117 4444 1282 4522 instituto
1299 4450 1418 4522 omnis
1433 4445 1623 4626 Poteffiis
1638 4456 1721 4547 ple,

265 4547 397 4629 nitudo
421 4545 573 4622 colledla
599 4543 675 4620 est?
718 4542 819 4647 Quid
845 4547 989 4620 demum
1015 4544 1203 4640 praeteusro
1222 4547 1464 4641 patriarchalis
1486 4570 1530 4623 au
1601 4553 1715 4628 sitatis

262 4649 470 4728 nostrorum
490 4643 853 4740 Archiepiscoporum
868 4642 1069 4722 Curialillas
1082 4643 1220 4741 juvet?
1250 4645 1287 4722 Sl
1304 4649 1437 4724 nolunt
1451 4648 1602 4724 obedire
1622 4649 1715 4729 Pon·

265 4747 379 4842 tilici,
407 4745 544 4822 debent
565 4745 715 4823 obedire
737 4741 965 4839 Patriarehae,
993 4749 1053 4840 qui
1073 4738 1169 4823 idern
1191 4743 1265 4836 eli:
1290 4767 1444 4844 cumque
1463 4750 1644 4841 antiquam
1664 4749 1714 4828 ai·

1522 4846 1661 4929 fertem

264 4929 601 4976 ‘fi'

343 5011 380 5098 ¹³)
401 5007 481 5070 vide
499 5005 556 5070 hae
571 5004 657 5084 supet
672 5023 705 5070 re
722 5009 813 5086 inune
829 5005 938 5070 Pleuril
952 5003 1064 5071 Notam
1081 5007 1133 5079 tit.
1151 5001 1182 5091 ς.
1192 5019 1246 5086 27.
