3942 6134
117 1037 137 1143 ‚¹
251 1045 349 1139 ut
794 1050 1127 1099 --

230 1226 339 1309 mr,
353 1200 692 1299 mmtcrqnaspurirr
703 1194 1043 1295 eseabjiciendumr
1057 1194 1177 1303 puteis
1191 1192 1664 1293 eninadbocdrcontenrd„

233 1314 294 1397 seu
308 1310 453 1387 materia
468 1303 526 1377 sua
537 1298 605 1375 elie
617 1301 777 1388 bonum,
792 1294 921 1370 &vera
937 1294 995 1369 sua
1011 1305 1235 1391 quacumque
1250 1296 1409 1393 origine,
1420 1297 1601 1375 licetfalso
1613 1302 1666 1375 in·

123 1428 129 1436 '
159 1402 163 1411 ¹
233 1416 361 1505 scripta
378 1401 597 1479 venerabile.
649 1395 702 1470 lta
718 1392 896 1487 ·ipi1.adeo
917 1384 1030 1466 diuini
1050 1396 1152 1485 libri,
1174 1400 1317 1487 quos'e.
1333 1414 1366 1491 g.
1385 1392 1542 1489 Moysis,
1564 1398 1667 1486 lobi,

236 1508 388 1596 Tobie,
405 1500 607 1577 Salomonis
623 1494 771 1569 nornine
785 1489 972 1584 inscriptos
984 1490 1420 1585 habemur,‚emunsiioris
1431 1494 1524 1566 naris
1535 1496 1666 1570 criticis

235 1608 408 1685 videntur
424 1612 485 1673 aut
498 1616 544 1669 err
560 1607 661 1689 parte
678 1592 799 1665 saltem
811 1590 929 1681 aliqua
938 1590 1167 1683 interpolati,
1185 1588 1426 1685 suppositivo,
1446 1605 1509 1676 aut
1520 1594 1671 1665 omnino

235 1726 314 1787 non
332 1690 561 1777 illorumeffe
584 1691 797 1777 authorum,
823 1707 974 1778 quorum
996 1690 1142 1763 nomina
1161 1686 1408 1781 praseseruntr
1435 1689 1471 1761 id
1489 1702 1611 1763 minen
1627 1690 1672 1765 iia

236 1802 317 1900 ipsus
331 1799 430 1874 libris
444 1790 606 1867 nondum
618 1784 765 1861 destruit
778 1783 935 1859 divinam
951 1784 1046 1861 suam
1062 1785 1119 1885 seg
1135 1788 1313 1871 materiae,
1331 1785 1390 1860 seu
1408 1788 1553 1883 originis
1565 1788 1671 1861 intui·
1738 1864 1742 1874 ,

238 1893 564 1978 tu'autlroritnrern.
613 1884 669 1961 Ut
683 1881 923 1959 ecelesiasticis
943 1883 1091 1975 insuper.
1103 1885 1329 1959 documentis
1342 1896 1418 1959 rem
1436 1883 1671 1977 illustremus,

239 1982 688 2185 {dissitissrs‘id}
701 1983 818 2155 sissi
831 1979 1671 2177 itssrst.sslsl,lsllistetsslt

561 2134 575 2171 ἲ

227 2192 383 2273 'rentum
401 2184 507 2261 sutus
523 2182 669 2275 judicat.
719 2174 808 2263 llaec
822 2174 998 2272 licetfalso
1015 2177 1178 2272 inscripta
1195 2176 1432 2263 documenta,
1448 2178 1495 2251 ab
1511 2179 1612 2251 omni
1625 2194 1673 2253 tu

241 2310 325 2369 men
342 2285 536 2378 suspicione
544 2280 674 2381 seruire
692 2276 802 2373 longe
815 2278 952 2365 alena,
974 2278 1051 2351 imo
1066 2280 1173 2349 etiam
1188 2289 1338 2368 propter
1352 2288 1527 2353 contenta
1541 2276 1621 2371 sua,
1639 2276 1675 2353 dt

240 2400 392 2493 propter
405 2378 514 2491 ipsum
530 2377 676 2478 originis
690 2374 937 2469 antiquitatem
954 2370 1089 2453 summe
1104 2371 1304 2452 estimanda
1316 2371 1410 2450 suut.

900 2585 1014 2700 Μ

389 2732 569 2821 sonamus
589 2730 741 2823 aliquem
762 2724 888 2806 nostris
906 2722 1032 2799 diebus
1052 2720 1372 2819 Pseudocriricnm,
1387 2746 1542 2821 quorum
1554 2724 1681 2826 ingens

244 2857 343 2921 nunc
358 2833 409 2913 est
423 2852 612 2921 numerus,
627 2828 818 2927 assurgere,
833 2822 1059 2915 nostramque
1073 2820 1349 2903 Christianorum
1364 2823 1474 2901 fidem
1484 2828 1521 2903 in
1532 2826 1682 2904 surri-

246 2943 395 3017 nitatem
411 2954 456 3009 er
472 2952 519 3005 eo
537 2932 653 3025 capite
670 2929 857 3017 vellicare,
879 2921 976 3014 quod
994 2922 1219 3011 adulterino,
1241 2920 1400 3017 salsoque
1415 2922 1514 3018 prisci
1531 2927 1598 3001 aevi
1615 2926 1682 3003 do·

124 3048 135 3059 “
247 3048 440 3119 cumento,
461 3027 594 3105 scilicet
608 3024 672 3101 illo
689 3024 724 3097 8·
737 3017 917 3095 Athanafii
936 3040 1119 3113 perperam
1138 3018 1185 3096 src
1201 3020 1476 3115 dislosymbolo
1490 3024 1680 3117 inuitatur,

205 3148 212 3156 ·
247 3150 355 3227 atque
368 3134 479 3227 etiarn¹
492 3136 682 3220 propterea
697 3124 832 3194 crimen
847 3120 1028 3213 deceptionis
1043 3118 1149 3192 nobis
1164 3120 1363 3209 intentare;
1382 3115 1522 3215 promta
1535 3120 1682 3213 quidem
1926 3193 1927 3206 Ν

247 3230 476 3327 responsione
493 3224 577 3299 huic
595 3220 815 3309 diceremus,
839 3214 1037 3309 symbolum
1052 3215 1162 3309 iilud,
1190 3216 1252 3293 etsr
1272 3238 1348 3293 uon
1365 3221 1501 3315 origine
1519 3215 1680 3295 athana·
1840 3286 1847 3302 ,

246 3332 402 3418 sianum,
424 3318 634 3397 veneranda
659 3330 777 3391 tamen
796 3336 841 3389 ex
857 3316 1067 3407 antiquitate
1083 3314 1141 3389 sua
1157 3318 1302 3413 originis
1317 3312 1408 3409 esse,
1428 3331 1536 3409 atque
1551 3315 1680 3392 dutiti-

248 3448 329 3505 nam
345 3426 532 3501 continere
543 3414 627 3497 fidei
641 3418 902 3507 incorruptam,
921 3412 958 3485 id
974 3411 1073 3506 quod
1086 3433 1129 3485 ex
1143 3414 1219 3486 aliis
1231 3427 1330 3489 certe
1339 3417 1502 3509 genuinis
1514 3413 1677 3487 sontibus

248 3527 293 3602 ad
310 3520 525 3599 evidentiam
540 3514 720 3610 possemus
734 3509 996 3597 demonstrare,
1015 3512 1158 3603 jamque
1177 3510 1298 3605 saepius
1320 3533 1340 3583 a
1356 3508 1494 3583 Nostris
1511 3510 1679 3587 adversus

249 3638 394 3697 veteres
408 3617 606 3691 Hareticos
625 3609 711 3685 esset
724 3607 1013 3683 demonstratum.
1062 3604 1199 3707 Quodsi
1217 3607 1271 3679 his
1291 3606 1459 3679 omnibus
1476 3608 1683 3704 insuperha·

249 3718 357 3804 bitis,
373 3716 405 3788 dr
422 3710 577 3787 studioso
596 3709 750 3802 quodam
771 3706 911 3782 silentio
927 3698 1095 3793 oppressis
1109 3700 1222 3775 homo
1236 3704 1298 3777 ille
1311 3704 1418 3777 nobis
1429 3704 1613 3787 molestius
1627 3704 1702 3799 i'n·‚

249 3812 377 3897 staret,
393 3812 426 3883 dr
441 3812 617 3899 antiquam
629 3810 808 3881 ¹crambem
822 3817 1018 3895 recoquere
1031 3818 1107 3873 non
1121 3796 1287 3890 cessaret,
1300 3798 1573 3877 Athanafianum
1580 3802 1682 3879 haud

161 3926 164 3943 '
187 3996 189 3999 ,
252 3912 322 3993 esse
336 3907 422 3983 illud
437 3906 657 4013 symbolum,
674 3902 731 3975 sed
748 3892 978 3972 adulterinam
995 3894 1242 3989 imposturam
1259 3899 1329 3992 jam
1343 3920 1410 3972 nos
1424 3900 1566 3990 quidem
1579 3918 1683 3977 certo

81 4007 87 4016 “
252 4007 637 4114 animadverteremus,
674 4000 766 4073 hanc
785 3994 939 4068 sontium
963 3993 1165 4109 nostrorum
1188 3998 1370 4071 veracium
1391 3996 1587 4073 assediatam
1610 3996 1683 4073 esse

252 4092 1421 4286 illisisrlldltlssslirrisistis-ailisisti
1438 4095 1712 4269 &sinisii-

217 4302 222 4317 '
253 4299 373 4377 nostra
385 4312 490 4371 atate
503 4292 814 4367 calumniatoribus
827 4287 1026 4363 isidorianae
1039 4286 1259 4362 collectionis
1271 4291 1465 4385 generatim
1482 4290 1682 4365 satisfacere

253 4400 408 4496 poterit:
427 4392 650 4468 autfiminus
663 4389 708 4463 de
723 4389 908 4483 dogmate,
932 4406 1035 4477 quam
1051 4384 1096 4457 de
1109 4384 1288 4480 disciplina
1301 4390 1506 4481 exemplum
1517 4388 1685 4482 arrideat,

256 4498 351 4573 idem
369 4490 570 4583 responsum
594 4487 753 4561 dabimus
776 4486 820 4558 ad
836 4480 1212 4579 Magdeburgenfiurn‚
1230 4485 1452 4577 aliorumque
1464 4488 1683 4561 criminatio·
1724 4522 1732 4527 ·

255 4616 337 4689 pem
360 4590 405 4662 de
421 4588 598 4675 srcdisiis,
621 4608 696 4661 non
718 4599 837 4658 tamen
855 4581 1018 4675 genuinis
1037 4581 1233 4654 canonibus
1247 4580 1516 4675 apostolorum.
1556 4580 1682 4661 eruas
1833 4634 1837 4641 ·

119 4778 123 4783 ,
256 4712 336 4766 curn
352 4686 386 4759 S.
401 4682 597 4778 Augustino
612 4685 710 4757 hisce
726 4677 992 4753 cavillatoribus
1006 4672 1277 4767 respondemus:
1303 4681 1386 4751 Sunt
1405 4687 1482 4754 cerri
1497 4682 1591 4769 tisri,
1607 4704 1683 4777 prro·

254 4812 327 4863 rum
344 4777 529 4865 authoritrtl
545 4786 669 4873 utrique
684 4778 903 4873 consentimus,
920 4774 965 4845 ibi
982 4793 1178 4868 pumuntur,
1193 4797 1335 4873 quanmn
1349 4799 1427 4853 otro
1434 4778 1503 4873 sent
1518 4800 1603 4851 uero
1615 4777 1680 4857 Ee.

255 4886 346 4977 elafio
362 4884 504 4975 dogmata
511 4926 526 4967 ,
550 4880 594 4952 tlt
611 4876 808 4973 drsmrirmur
821 4866 955 4971 tuttfftm
968 4870 1114 4962 nostram.
1547 4876 1580 4969 ς,
1595 4894 1633 4968 5,

49 5304 451 5431 l-.
