3942 6134
379 1402 434 1479 At
459 1397 650 1477 enimuero
674 1400 719 1476 ab
740 1398 815 1477 hoc
844 1402 1080 1496 maledicendi
1109 1422 1239 1497 more,
1281 1407 1358 1498 quis
1384 1408 1536 1503 nesciat,
1570 1412 1680 1509 longe

106 1593 107 1598 η
210 1501 470 1581 'allenlffimum
490 1496 825 1603 suiffeMeldmsem
834 1500 1065 1597 Episcopum,
1091 1506 1235 1594 Virum,
1260 1503 1378 1598 liquis
1395 1529 1559 1599 umquam
1578 1515 1680 1605 aliua,

106 1632 107 1650 ¹
228 1627 311 1703 erga
329 1602 550 1678 adversarios
566 1599 649 1674 suo'a
665 1601 917 1675 moderatione
939 1607 1142 1693 celebrem,
1178 1604 1292 1677 &vel
1314 1606 1398 1679 ideo
1419 1608 1498 1699 ipsis
1520 1608 1678 1685 adversa·

223 1706 286 1779 riis
307 1698 629 1789 commendatum?
656 1700 777 1799 Quem
796 1701 926 1775 imitari
945 1704 1087 1795 quidem
1108 1703 1202 1777 sraua
1223 1702 1374 1796 sluduit,
1399 1704 1458 1777 sed
1477 1728 1553 1799 quae
1575 1724 1679 1781 natu·

221 1826 264 1879 ra
286 1803 424 1877 heresa
441 1798 513 1891 est,
536 1801 736 1895 malignitas
757 1802 869 1883 latere
890 1821 967 1873 non
991 1802 1129 1895 semper
1151 1804 1291 1897 potuit,
1318 1806 1403 1897 quin
1426 1808 1521 1879 ultro
1542 1804 1576 1879 se
1597 1826 1679 1898 pro-

222 1904 339 1977 deret
391 1900 501 1974 Certe
512 1917 581 1995 ego
598 1920 662 1991 per
675 1897 824 1993 decem,
850 1898 1047 1993 &amplius
1061 1920 1174 1973 annos
1192 1901 1421 1993 quotidianus
1435 1903 1510 1979 fere
1524 1904 1578 1977 M.
1594 1904 1679 1980 Bos·
1731 1937 1738 1951 0

222 2002 313 2077 sueti
333 1996 519 2087 lustrator,
559 1998 646 2070 nihil
664 1996 775 2071 limile
792 2018 958 2089 umquam
980 2001 1016 2073 in
1040 2018 1087 2072 eo
1111 1999 1233 2095 legisse
1257 2020 1314 2073 me
1332 2005 1490 2077 memini.
1542 2000 1676 2098 Neque

222 2102 331 2177 etiam
354 2098 527 2173 credibile
545 2090 597 2169 est
613 2095 659 2169 de
676 2110 781 2170 tanto
798 2098 925 2187 Viro,
943 2112 1087 2189 tamque
1106 2098 1319 2187 moderato,
1347 2102 1444 2191 quod
1470 2104 1679 2199 appendicia

106 2211 107 2214 ‘
222 2222 259 2299 p.
280 2223 324 2274 η
348 2202 386 2274 in
407 2184 608 2291 uetuerunt
638 2194 812 2293 scripserit
837 2196 1051 2294 probrosum
1076 2196 1122 2273 dc
1153 2200 1265 2273 trivio
1297 2196 1501 2297 disicrium,
1532 2200 1721 2304 impones
1790 2236 1794 2251 ι
1833 2238 1838 2245 -
1865 2160 1867 2175 ⁴

227 2301 366 2377 Nebulo-
444 2366 452 2377 .

901 2469 1010 2590 ia·

383 2616 539 2716 speciali
558 2617 676 2693 adhuc
692 2612 1001 2692 animadversione
1017 2612 1131 2714 digne
1143 2612 1226 2691 sunt
1242 2614 1410 2692 adversus
1426 2612 1681 2695 summoelon·

219 2717 340 2796 tifices
364 2720 493 2811 inique
514 2714 584 2793 lidii
603 2715 762 2792 Bollu'eti
779 2717 1064 2803 criminationes,
1097 2718 1156 2809 qui
1178 2722 1300 2791 omnia
1325 2720 1483 2811 incerta,
1500 2716 1678 2807 dubiave,

222 2838 287 2897 aut
304 2820 456 2895 omnino
476 2816 559 2891 salsa
578 2819 702 2891 ubiubi
717 2815 881 2903 corrasa,
907 2814 1142 2910 inambigua,
1164 2831 1335 2907 quantum
1355 2814 1432 2891 fieri
1451 2830 1614 2911 poterat,
1641 2820 1680 2893 in
1763 2870 1778 2885 .

219 2916 405 3019 pessimum
429 2917 567 3011 semper
585 2914 720 2990 sensum
742 2912 913 3002 detorsit,
940 2927 982 2987 ut
1003 2933 1048 2984 eo
1066 2917 1227 3007 turpiore
1243 2913 1323 2989 labe
1338 2918 1570 3009 plurimorum
1589 2912 1682 2991 Pon·

220 3018 364 3094 cilicum
383 3019 590 3110 memoriam
608 3036 654 3089 ex
669 3016 813 3087 illorum
833 3010 1024 3103 dodirinia,
1045 3012 1238 3107 response,
1255 3013 1430 3105 decretis,
1451 3018 1561 3091 immo
1579 3014 1612 3087 dr
1629 3012 1682 3103 sp.

220 3118 291 3193 diis
312 3115 406 3211 apud
421 3113 584 3207 posterna
596 3114 815 3209 aspergeret,
834 3109 1054 3205 invisamque
1068 3110 1245 3186 redderet.
1295 3113 1349 3187 lta
1362 3115 1517 3206 lapsuum
1533 3110 1681 3207 pontili-

212 3214 370 3291 ‘ciorum
393 3216 593 3305 catalogum
616 3210 772 3285 fassurus
788 3210 945 3284 a-sabula
965 3209 1012 3280 de
1033 3207 1249 3284 Marcellino
1268 3212 1471 3307 incipit*),
1497 3234 1584 3287 mox
1597 3226 1678 3289 atro

220 3326 413 3391 commate
431 3310 544 3404 signat
562 3309 766 3394 Liberium,
794 3303 829 3377 S.
845 3302 1050 3397 Zoslmllm,
1078 3306 1112 3379 S.
1131 3304 1377 3403 Hormisdam,
1411 3312 1432 3407 (
1442 3327 1572 3405 quanta
1597 3330 1680 3409 erga

106 3499 107 3510 Ν
222 3428 424 3497 utrumque
442 3410 576 3479 malitia
585 3408 624 3502 l)
654 3404 882 3493 Honorium,
908 3403 1189 3499 Gregoriumll‚
1210 3406 1426 3505 Stephanum
1442 3410 1497 3502 ll,
1519 3413 1680 3509 Sergium

106 3523 107 3578 l
224 3509 302 3599 lll,
318 3506 354 3580 S.
369 3506 581 3601 Gregorium
597 3504 688 3592 Vll,
701 3503 927 3580 Bonisacium
940 3502 1052 3594 Vlll,
1071 3500 1269 3582 Paschalem
1282 3510 1334 3601 ll,
1350 3511 1595 3585 Alexandrum
1612 3508 1678 3603 lll,
1704 3499 1749 3597 ‚⁶

106 3682 107 3704 ,
223 3606 484 3686 innocentium
495 3600 567 3693 lll,
583 3600 866 3689 Nicolaumlll,
883 3600 1109 3679 Clementem
1122 3604 1180 3697 V,
1195 3606 1371 3701 Joanuem
1385 3608 1506 3701 xxll,
1523 3610 1681 3707 &singu-
1715 3666 1717 3671 ,

106 3707 107 3801 ᾗ
224 3710 348 3783 latitet
364 3691 720 3798 quidemMartinum
745 3702 797 3793 V,
812 3698 849 3773 T
864 3724 905 3793 a,
926 3715 1052 3795 12:234
1065 3703 1319 3796 calumniatur,
1342 3712 1408 3803 p'us
1422 3707 1547 3800 fanum
1568 3715 1682 3805 graui·

106 3866 107 3902 ,
208 3824 279 3883 ter
293 3800 496 3899 ladooffl-
514 3806 795 3899 appellationum
808 3807 1008 3877 rodomum
1019 3802 1121 3899 ofiani
1130 3806 1229 3896 sacrae
1242 3809 1361 3901 synod
1374 3806 1679 3901 (constantiense)

106 3914 107 3986 l
228 3912 327 3983 immo
350 3910 448 3977 iuius
465 3898 605 3992 Ecclesia
627 3894 775 4001 refirgrffi
799 3903 919 3991 lum,
945 3918 1040 3994 atque
1060 3904 1178 3998 Synodi
1199 3910 1278 3978 tolia
1293 3910 1467 4001 'repellentis
1483 3906 1681 4006 prevaluisse

106 4009 107 4096 ζ
219 4006 425 4099 stolatum.
452 4004 570 4101 ·Que.
583 3999 703 4072 omnia
727 4015 831 4087 quam
853 3998 936 4072 salsa
953 3998 1044 4088 sint,
1067 4016 1130 4081 aut
1146 4005 1237 4075 nule
1257 4003 1421 4094 detorta,
1442 4022 1541 4080 certe
1558 4022 1681 4082 autem

232 4100 444 4176 conviciose
466 4095 579 4189 dista,
602 4099 663 4169 vel
687 4117 708 4169 a
729 4094 942 4171 scholasticis
963 4098 1093 4185 noslria
1110 4096 1333 4197 Theologic,
1358 4105 1394 4178 in
1422 4105 1537 4201 specie
1555 4102 1706 4179 aMel‘

233 4200 359 4289 chiore
376 4199 478 4272 Cano
493 4200 531 4271 in
546 4196 656 4277 locis
669 4195 906 4288 theologicis,
922 4197 1070 4289 ipsoque
1089 4196 1210 4273 Natali
1229 4202 1462 4294 Alexandro,
1482 4200 1680 4277 natione&

231 4296 393 4381 dodlrina
407 4296 515 4413 Gallo
529 4301 567 4392 in
580 4293 740 4385 Historia
758 4293 1009 4390 ecclesiastica,
1032 4296 1173 4373 abunde
1183 4300 1256 4394 jam
1273 4301 1552 4379 demonstratum
1567 4300 1642 4379 cll·

293 4577 297 4583 Δ
381 4576 465 4694 xSed
483 4616 792 4708 quodlricvalere
811 4470 1106 4715 εωρῐξωζώεε,
1136 4621 1208 4717 ipse
1219 4622 1395 4719 genuinus
1407 4614 1680 4712 Boss'uetusest,
1786 4562 1788 4567 Ι

231 4721 372 4814 minas
387 4719 581 4793 alumnus
599 4716 1062 4915 auerteconfimdigzaaue
1080 4724 1174 4801 enlm
1191 4726 1252 4855 uui
1270 4724 1486 4858 desonam
1502 4715 1680 4893 ingunger-

310 5022 347 5103 η
366 5016 487 5080 Descnl'.
502 5020 567 5101 l.9.
586 5034 614 5081 c.
625 5034 679 5104 32·
