<?xml version="1.0" encoding="UTF-8"?>
<!DOCTYPE html PUBLIC "-//W3C//DTD XHTML 1.0 Transitional//EN"
    "http://www.w3.org/TR/xhtml1/DTD/xhtml1-transitional.dtd">
<html xmlns="http://www.w3.org/1999/xhtml" xml:lang="en" lang="en">
 <head>
  <title>
</title>
<meta http-equiv="Content-Type" content="text/html;charset=utf-8" />
  <meta name='ocr-system' content='tesseract 3.04.00' />
  <meta name='ocr-capabilities' content='ocr_page ocr_carea ocr_par ocr_line ocrx_word'/>
</head>
<body>
  <div class='ocr_page' id='page_1' title='image "./quisestpetrusse00frgoog_0437.png"; bbox 0 0 3942 6134; ppageno 0'>
   <div class='ocr_carea' id='block_1_1' title="bbox 834 1019 1671 1233">
    <p class='ocr_par' dir='ltr' id='par_1_1' title="bbox 834 1019 1671 1233">
     <span class='ocr_line' id='line_1_1' title="bbox 1223 1019 1247 1075; baseline 0 -15"><span class='ocrx_word' id='word_1_1' title='bbox 1223 1019 1247 1075; x_wconf 36' lang='grc' dir='ltr'><em>ῃ</em></span> 
     </span>
     <span class='ocr_line' id='line_1_2' title="bbox 834 1112 1671 1233; baseline 0 -2"><span class='ocrx_word' id='word_1_2' title='bbox 834 1146 1174 1197; x_wconf 67' lang='lat'>²—-</span> <span class='ocrx_word' id='word_1_3' title='bbox 1248 1165 1256 1202; x_wconf 70' lang='lat'><em>1</em></span> <span class='ocrx_word' id='word_1_4' title='bbox 1315 1112 1348 1147; x_wconf 83' lang='grc'>·’</span> <span class='ocrx_word' id='word_1_5' title='bbox 1457 1222 1464 1233; x_wconf 83' lang='grc'><strong><em>,</em></strong></span> <span class='ocrx_word' id='word_1_6' title='bbox 1586 1146 1671 1231; x_wconf 74' lang='lat' dir='ltr'>sea</span> 
     </span>
    </p>
   </div>
   <div class='ocr_carea' id='block_1_2' title="bbox 265 1256 1772 1513">
    <p class='ocr_par' dir='ltr' id='par_1_2' title="bbox 265 1256 1772 1513">
     <span class='ocr_line' id='line_1_3' title="bbox 268 1256 1772 1411; baseline 0 -22"><span class='ocrx_word' id='word_1_7' title='bbox 268 1292 487 1411; x_wconf 74' lang='lat' dir='ltr'>cognoscere</span> <span class='ocrx_word' id='word_1_8' title='bbox 506 1256 637 1391; x_wconf 82' lang='lat' dir='ltr'>discas,</span> <span class='ocrx_word' id='word_1_9' title='bbox 671 1316 718 1375; x_wconf 87' lang='lat' dir='ltr'>ex</span> <span class='ocrx_word' id='word_1_10' title='bbox 739 1271 890 1393; x_wconf 79' lang='lat' dir='ltr'>quibus,</span> <span class='ocrx_word' id='word_1_11' title='bbox 924 1318 993 1373; x_wconf 88' lang='lat' dir='ltr'>ceu</span> <span class='ocrx_word' id='word_1_12' title='bbox 1013 1296 1182 1379; x_wconf 71' lang='lat' dir='ltr'>bombus</span> <span class='ocrx_word' id='word_1_13' title='bbox 1197 1302 1318 1385; x_wconf 77' lang='lat' dir='ltr'>hausta</span> <span class='ocrx_word' id='word_1_14' title='bbox 1336 1304 1388 1388; x_wconf 82' lang='lat' dir='ltr'>eil</span> <span class='ocrx_word' id='word_1_15' title='bbox 1406 1302 1576 1402; x_wconf 85' lang='lat' dir='ltr'>scientia,</span> <span class='ocrx_word' id='word_1_16' title='bbox 1607 1326 1719 1405; x_wconf 85' lang='lat' dir='ltr'>quam</span> <span class='ocrx_word' id='word_1_17' title='bbox 1769 1265 1772 1269; x_wconf 8' lang='grc' dir='ltr'><em>Δ</em></span> 
     </span>
     <span class='ocr_line' id='line_1_4' title="bbox 265 1398 1261 1513; baseline -0.008 -23"><span class='ocrx_word' id='word_1_18' title='bbox 265 1414 427 1513; x_wconf 76' lang='lat' dir='ltr'>plerique</span> <span class='ocrx_word' id='word_1_19' title='bbox 452 1402 579 1485; x_wconf 86' lang='lat' dir='ltr'>nostro</span> <span class='ocrx_word' id='word_1_20' title='bbox 601 1420 684 1478; x_wconf 83' lang='lat' dir='ltr'>aevo</span> <span class='ocrx_word' id='word_1_21' title='bbox 706 1398 839 1477; x_wconf 72' lang='lat' dir='ltr'>inflictis</span> <span class='ocrx_word' id='word_1_22' title='bbox 862 1402 986 1477; x_wconf 85' lang='lat' dir='ltr'>buccis</span> <span class='ocrx_word' id='word_1_23' title='bbox 1011 1400 1261 1498; x_wconf 71' lang='lat' dir='ltr'>depraedicant.</span> 
     </span>
    </p>
   </div>
   <div class='ocr_carea' id='block_1_3' title="bbox 923 1572 1063 1692">
    <p class='ocr_par' dir='ltr' id='par_1_3' title="bbox 923 1572 1063 1692">
     <span class='ocr_line' id='line_1_5' title="bbox 923 1572 1063 1692; baseline 0 -21"><span class='ocrx_word' id='word_1_24' title='bbox 923 1572 1063 1692; x_wconf 71' lang='lat' dir='ltr'>§tro</span> 
     </span>
    </p>
   </div>
   <div class='ocr_carea' id='block_1_4' title="bbox 151 1715 1777 2021">
    <p class='ocr_par' dir='ltr' id='par_1_4' title="bbox 151 1715 1777 2021">
     <span class='ocr_line' id='line_1_6' title="bbox 407 1715 1717 1825; baseline -0.001 -20"><span class='ocrx_word' id='word_1_25' title='bbox 407 1726 535 1805; x_wconf 84' lang='lat' dir='ltr'>Tertia</span> <span class='ocrx_word' id='word_1_26' title='bbox 561 1720 782 1801; x_wconf 73' lang='lat' dir='ltr'>Nuntiatum</span> <span class='ocrx_word' id='word_1_27' title='bbox 803 1719 855 1801; x_wconf 82' lang='lat' dir='ltr'>est</span> <span class='ocrx_word' id='word_1_28' title='bbox 878 1715 1125 1819; x_wconf 84' lang='lat' dir='ltr'>Coloniensis,</span> <span class='ocrx_word' id='word_1_29' title='bbox 1164 1744 1278 1820; x_wconf 88' lang='lat' dir='ltr'>eaque</span> <span class='ocrx_word' id='word_1_30' title='bbox 1300 1724 1599 1825; x_wconf 85' lang='lat' dir='ltr'>Metropolitanis</span> <span class='ocrx_word' id='word_1_31' title='bbox 1625 1728 1717 1805; x_wconf 80' lang='lat' dir='ltr'>inse·-</span> 
     </span>
     <span class='ocr_line' id='line_1_7' title="bbox 261 1820 1717 1926; baseline -0.004 -20"><span class='ocrx_word' id='word_1_32' title='bbox 261 1830 366 1909; x_wconf 87' lang='lat' dir='ltr'>riotis</span> <span class='ocrx_word' id='word_1_33' title='bbox 391 1828 590 1905; x_wconf 74' lang='lat' dir='ltr'>Germanic</span> <span class='ocrx_word' id='word_1_34' title='bbox 617 1822 811 1899; x_wconf 84' lang='lat' dir='ltr'>durilllrnus</span> <span class='ocrx_word' id='word_1_35' title='bbox 839 1826 927 1917; x_wconf 83' lang='lat' dir='ltr'>lapis</span> <span class='ocrx_word' id='word_1_36' title='bbox 956 1820 1177 1898; x_wconf 77' lang='lat' dir='ltr'>offensionis.</span> <span class='ocrx_word' id='word_1_37' title='bbox 1228 1824 1347 1919; x_wconf 73' lang='lat' dir='ltr'>Huius</span> <span class='ocrx_word' id='word_1_38' title='bbox 1376 1835 1481 1926; x_wconf 91' lang='lat' dir='ltr'>origo</span> <span class='ocrx_word' id='word_1_39' title='bbox 1511 1852 1556 1903; x_wconf 81' lang='lat' dir='ltr'>en</span> <span class='ocrx_word' id='word_1_40' title='bbox 1583 1848 1717 1923; x_wconf 87' lang='lat' dir='ltr'>propu-</span> 
     </span>
     <span class='ocr_line' id='line_1_8' title="bbox 151 1920 1777 2021; baseline -0.004 -16"><span class='ocrx_word' id='word_1_41' title='bbox 151 1998 157 2005; x_wconf 89' lang='lat'><em>.</em></span> <span class='ocrx_word' id='word_1_42' title='bbox 261 1930 364 2005; x_wconf 87' lang='lat' dir='ltr'>dioso</span> <span class='ocrx_word' id='word_1_43' title='bbox 383 1930 479 2007; x_wconf 70' lang='lat' dir='ltr'>sasso</span> <span class='ocrx_word' id='word_1_44' title='bbox 495 1924 768 2021; x_wconf 85' lang='lat' dir='ltr'>Archlepiscopi</span> <span class='ocrx_word' id='word_1_45' title='bbox 789 1922 970 1999; x_wconf 87' lang='lat' dir='ltr'>Gebhardi</span> <span class='ocrx_word' id='word_1_46' title='bbox 992 1922 1038 1995; x_wconf 92' lang='lat' dir='ltr'>de</span> <span class='ocrx_word' id='word_1_47' title='bbox 1055 1920 1234 1998; x_wconf 88' lang='lat' dir='ltr'>Truchses</span> <span class='ocrx_word' id='word_1_48' title='bbox 1253 1928 1452 2019; x_wconf 88' lang='lat' dir='ltr'>repetenda</span> <span class='ocrx_word' id='word_1_49' title='bbox 1471 1928 1542 2019; x_wconf 83' lang='lat' dir='ltr'>est,</span> <span class='ocrx_word' id='word_1_50' title='bbox 1568 1930 1628 2021; x_wconf 87' lang='lat' dir='ltr'>qui</span> <span class='ocrx_word' id='word_1_51' title='bbox 1650 1944 1716 2001; x_wconf 74' lang='lat' dir='ltr'>cm·</span> <span class='ocrx_word' id='word_1_52' title='bbox 1773 1985 1777 1998; x_wconf 89' lang='lat'><strong>.</strong></span> 
     </span>
    </p>
   </div>
   <div class='ocr_carea' id='block_1_5' title="bbox 148 2020 1716 2120">
    <p class='ocr_par' dir='ltr' id='par_1_5' title="bbox 148 2020 1716 2120">
     <span class='ocr_line' id='line_1_9' title="bbox 148 2020 1716 2120; baseline -0.007 -12"><span class='ocrx_word' id='word_1_53' title='bbox 148 2082 152 2091; x_wconf 83' lang='lat'>-</span> <span class='ocrx_word' id='word_1_54' title='bbox 261 2050 305 2107; x_wconf 88' lang='lat' dir='ltr'>ca</span> <span class='ocrx_word' id='word_1_55' title='bbox 329 2032 478 2104; x_wconf 83' lang='lat' dir='ltr'>libidine</span> <span class='ocrx_word' id='word_1_56' title='bbox 504 2024 651 2099; x_wconf 80' lang='lat' dir='ltr'>aestuans</span> <span class='ocrx_word' id='word_1_57' title='bbox 679 2046 756 2099; x_wconf 91' lang='lat' dir='ltr'>non</span> <span class='ocrx_word' id='word_1_58' title='bbox 783 2022 897 2097; x_wconf 89' lang='lat' dir='ltr'>solum</span> <span class='ocrx_word' id='word_1_59' title='bbox 921 2020 995 2114; x_wconf 90' lang='lat' dir='ltr'>ipse</span> <span class='ocrx_word' id='word_1_60' title='bbox 1018 2024 1063 2095; x_wconf 92' lang='lat' dir='ltr'>ab</span> <span class='ocrx_word' id='word_1_61' title='bbox 1084 2020 1241 2099; x_wconf 75' lang='lat' dir='ltr'>Eccleha</span> <span class='ocrx_word' id='word_1_62' title='bbox 1267 2024 1430 2120; x_wconf 81' lang='lat' dir='ltr'>defecit,</span> <span class='ocrx_word' id='word_1_63' title='bbox 1470 2028 1530 2101; x_wconf 89' lang='lat' dir='ltr'>sed</span> <span class='ocrx_word' id='word_1_64' title='bbox 1556 2029 1716 2101; x_wconf 80' lang='lat' dir='ltr'>&amp;malis</span> 
     </span>
    </p>
   </div>
   <div class='ocr_carea' id='block_1_6' title="bbox 258 2119 1763 2921">
    <p class='ocr_par' dir='ltr' id='par_1_6' title="bbox 258 2119 1763 2921">
     <span class='ocr_line' id='line_1_10' title="bbox 262 2119 1717 2217; baseline -0.003 -12"><span class='ocrx_word' id='word_1_65' title='bbox 262 2134 397 2205; x_wconf 76' lang='lat' dir='ltr'>ritibus</span> <span class='ocrx_word' id='word_1_66' title='bbox 420 2128 501 2204; x_wconf 88' lang='lat' dir='ltr'>suos</span> <span class='ocrx_word' id='word_1_67' title='bbox 524 2122 684 2198; x_wconf 88' lang='lat' dir='ltr'>subditos</span> <span class='ocrx_word' id='word_1_68' title='bbox 710 2123 755 2198; x_wconf 92' lang='lat' dir='ltr'>ad</span> <span class='ocrx_word' id='word_1_69' title='bbox 774 2119 1015 2197; x_wconf 88' lang='lat' dir='ltr'>deficiendum</span> <span class='ocrx_word' id='word_1_70' title='bbox 1039 2122 1212 2217; x_wconf 78' lang='lat' dir='ltr'>pellicere</span> <span class='ocrx_word' id='word_1_71' title='bbox 1236 2129 1447 2200; x_wconf 88' lang='lat' dir='ltr'>conabatur.</span> <span class='ocrx_word' id='word_1_72' title='bbox 1497 2124 1717 2201; x_wconf 82' lang='lat' dir='ltr'>Remedium</span> 
     </span>
     <span class='ocr_line' id='line_1_11' title="bbox 260 2220 1715 2317; baseline -0.006 -11"><span class='ocrx_word' id='word_1_73' title='bbox 260 2228 382 2309; x_wconf 85' lang='lat' dir='ltr'>salutis</span> <span class='ocrx_word' id='word_1_74' title='bbox 406 2224 642 2301; x_wconf 84' lang='lat' dir='ltr'>colonienses</span> <span class='ocrx_word' id='word_1_75' title='bbox 668 2220 848 2298; x_wconf 80' lang='lat' dir='ltr'>Catholici</span> <span class='ocrx_word' id='word_1_76' title='bbox 875 2224 963 2297; x_wconf 86' lang='lat' dir='ltr'>viva</span> <span class='ocrx_word' id='word_1_77' title='bbox 988 2224 1230 2317; x_wconf 79' lang='lat' dir='ltr'>gratulatione</span> <span class='ocrx_word' id='word_1_78' title='bbox 1256 2224 1459 2300; x_wconf 81' lang='lat' dir='ltr'>adhucdum</span> <span class='ocrx_word' id='word_1_79' title='bbox 1484 2222 1715 2299; x_wconf 71' lang='lat' dir='ltr'>Nuntiatum</span> 
     </span>
     <span class='ocr_line' id='line_1_12' title="bbox 261 2318 1718 2425; baseline -0.005 -20"><span class='ocrx_word' id='word_1_80' title='bbox 261 2328 468 2425; x_wconf 82' lang='lat' dir='ltr'>apostolicae</span> <span class='ocrx_word' id='word_1_81' title='bbox 486 2326 522 2398; x_wconf 92' lang='lat' dir='ltr'>in</span> <span class='ocrx_word' id='word_1_82' title='bbox 544 2324 701 2417; x_wconf 89' lang='lat' dir='ltr'>acceptis</span> <span class='ocrx_word' id='word_1_83' title='bbox 721 2322 895 2397; x_wconf 84' lang='lat' dir='ltr'>referunt.</span> <span class='ocrx_word' id='word_1_84' title='bbox 946 2319 1201 2397; x_wconf 87' lang='lat' dir='ltr'>Auscultemus</span> <span class='ocrx_word' id='word_1_85' title='bbox 1223 2318 1474 2399; x_wconf 75' lang='lat' dir='ltr'>Sanciiffimutn</span> <span class='ocrx_word' id='word_1_86' title='bbox 1497 2320 1626 2417; x_wconf 83' lang='lat' dir='ltr'>Papam</span> <span class='ocrx_word' id='word_1_87' title='bbox 1649 2345 1718 2398; x_wconf 87' lang='lat' dir='ltr'>no·</span> 
     </span>
     <span class='ocr_line' id='line_1_13' title="bbox 260 2418 1713 2519; baseline -0.006 -16"><span class='ocrx_word' id='word_1_88' title='bbox 260 2429 393 2516; x_wconf 88' lang='lat' dir='ltr'>strum,</span> <span class='ocrx_word' id='word_1_89' title='bbox 420 2426 520 2501; x_wconf 88' lang='lat' dir='ltr'>Pium</span> <span class='ocrx_word' id='word_1_90' title='bbox 531 2422 606 2513; x_wconf 88' lang='lat' dir='ltr'>Vl,</span> <span class='ocrx_word' id='word_1_91' title='bbox 633 2425 693 2516; x_wconf 89' lang='lat' dir='ltr'>qui</span> <span class='ocrx_word' id='word_1_92' title='bbox 712 2445 743 2496; x_wconf 90' lang='lat' dir='ltr'>a.</span> <span class='ocrx_word' id='word_1_93' title='bbox 760 2437 851 2515; x_wconf 80' lang='lat'>1775</span> <span class='ocrx_word' id='word_1_94' title='bbox 869 2418 1049 2493; x_wconf 88' lang='lat' dir='ltr'>Nuntium</span> <span class='ocrx_word' id='word_1_95' title='bbox 1069 2420 1298 2498; x_wconf 87' lang='lat' dir='ltr'>Bellisomum</span> <span class='ocrx_word' id='word_1_96' title='bbox 1317 2420 1508 2515; x_wconf 89' lang='lat' dir='ltr'>Coloniam</span> <span class='ocrx_word' id='word_1_97' title='bbox 1523 2422 1713 2519; x_wconf 75' lang='lat' dir='ltr'>delegans,</span> 
     </span>
     <span class='ocr_line' id='line_1_14' title="bbox 261 2518 1714 2628; baseline -0.003 -28"><span class='ocrx_word' id='word_1_98' title='bbox 261 2528 412 2628; x_wconf 87' lang='lat' dir='ltr'>publico</span> <span class='ocrx_word' id='word_1_99' title='bbox 430 2522 593 2599; x_wconf 82' lang='lat' dir='ltr'>sermone</span> <span class='ocrx_word' id='word_1_100' title='bbox 613 2522 663 2595; x_wconf 90' lang='lat' dir='ltr'>ita</span> <span class='ocrx_word' id='word_1_101' title='bbox 682 2526 733 2596; x_wconf 89' lang='lat' dir='ltr'>rei</span> <span class='ocrx_word' id='word_1_102' title='bbox 758 2519 934 2617; x_wconf 78' lang='lat' dir='ltr'>pudende</span> <span class='ocrx_word' id='word_1_103' title='bbox 954 2518 1135 2594; x_wconf 89' lang='lat' dir='ltr'>historiam</span> <span class='ocrx_word' id='word_1_104' title='bbox 1156 2524 1333 2598; x_wconf 79' lang='lat' dir='ltr'>namavit:</span> <span class='ocrx_word' id='word_1_105' title='bbox 1358 2522 1573 2621; x_wconf 88' lang='lat' dir='ltr'>„Originem</span> <span class='ocrx_word' id='word_1_106' title='bbox 1595 2523 1714 2614; x_wconf 85' lang='lat' dir='ltr'>hujus·</span> 
     </span>
     <span class='ocr_line' id='line_1_15' title="bbox 258 2614 1715 2721; baseline -0.002 -22"><span class='ocrx_word' id='word_1_107' title='bbox 258 2648 332 2721; x_wconf 92' lang='lat' dir='ltr'>„ce</span> <span class='ocrx_word' id='word_1_108' title='bbox 356 2624 400 2699; x_wconf 89' lang='lat' dir='ltr'>ad</span> <span class='ocrx_word' id='word_1_109' title='bbox 425 2622 572 2698; x_wconf 76' lang='lat' dir='ltr'>traRum</span> <span class='ocrx_word' id='word_1_110' title='bbox 595 2618 711 2695; x_wconf 86' lang='lat' dir='ltr'>Rheni</span> <span class='ocrx_word' id='word_1_111' title='bbox 734 2620 941 2717; x_wconf 87' lang='lat' dir='ltr'>Legationis</span> <span class='ocrx_word' id='word_1_112' title='bbox 961 2640 1039 2691; x_wconf 92' lang='lat' dir='ltr'>nou</span> <span class='ocrx_word' id='word_1_113' title='bbox 1061 2614 1243 2710; x_wconf 81' lang='lat' dir='ltr'>possumus</span> <span class='ocrx_word' id='word_1_114' title='bbox 1265 2622 1339 2695; x_wconf 81' lang='lat' dir='ltr'>fine</span> <span class='ocrx_word' id='word_1_115' title='bbox 1361 2618 1581 2696; x_wconf 78' lang='lat' dir='ltr'>acerbiffimo</span> <span class='ocrx_word' id='word_1_116' title='bbox 1605 2621 1715 2696; x_wconf 78' lang='lat' dir='ltr'>enims</span> 
     </span>
     <span class='ocr_line' id='line_1_16' title="bbox 258 2716 1718 2821; baseline -0.003 -23"><span class='ocrx_word' id='word_1_117' title='bbox 258 2721 387 2821; x_wconf 87' lang='lat' dir='ltr'>„sensu</span> <span class='ocrx_word' id='word_1_118' title='bbox 408 2735 534 2796; x_wconf 89' lang='lat' dir='ltr'>mente</span> <span class='ocrx_word' id='word_1_119' title='bbox 553 2732 742 2814; x_wconf 88' lang='lat' dir='ltr'>repetere,</span> <span class='ocrx_word' id='word_1_120' title='bbox 768 2721 851 2809; x_wconf 85' lang='lat' dir='ltr'>quia</span> <span class='ocrx_word' id='word_1_121' title='bbox 873 2716 1074 2811; x_wconf 87' lang='lat' dir='ltr'>repetenda</span> <span class='ocrx_word' id='word_1_122' title='bbox 1098 2721 1142 2790; x_wconf 93' lang='lat' dir='ltr'>ab</span> <span class='ocrx_word' id='word_1_123' title='bbox 1164 2716 1348 2811; x_wconf 83' lang='lat' dir='ltr'>iniquislim</span> <span class='ocrx_word' id='word_1_124' title='bbox 1402 2718 1534 2794; x_wconf 88' lang='lat' dir='ltr'>scelere</span> <span class='ocrx_word' id='word_1_125' title='bbox 1556 2718 1718 2794; x_wconf 85' lang='lat' dir='ltr'>Gebhar-</span> 
     </span>
     <span class='ocr_line' id='line_1_17' title="bbox 258 2813 1763 2921; baseline -0.003 -23"><span class='ocrx_word' id='word_1_126' title='bbox 258 2824 324 2921; x_wconf 79' lang='lat' dir='ltr'>„di</span> <span class='ocrx_word' id='word_1_127' title='bbox 351 2818 556 2909; x_wconf 81' lang='lat' dir='ltr'>Tru&#39;chses‚</span> <span class='ocrx_word' id='word_1_128' title='bbox 594 2816 869 2909; x_wconf 85' lang='lat' dir='ltr'>Archiepiscupi</span> <span class='ocrx_word' id='word_1_129' title='bbox 898 2813 1151 2903; x_wconf 71' lang='lat' dir='ltr'>emoniensis,</span> <span class='ocrx_word' id='word_1_130' title='bbox 1190 2838 1298 2908; x_wconf 86' lang='lat' dir='ltr'>quern</span> <span class='ocrx_word' id='word_1_131' title='bbox 1403 2822 1499 2915; x_wconf 89' lang='lat' dir='ltr'>ilego</span> <span class='ocrx_word' id='word_1_132' title='bbox 1525 2822 1715 2894; x_wconf 88' lang='lat' dir='ltr'>connubio</span> <span class='ocrx_word' id='word_1_133' title='bbox 1757 2842 1763 2851; x_wconf 90' lang='lat'><strong>·</strong></span> 
     </span>
    </p>
   </div>
   <div class='ocr_carea' id='block_1_7' title="bbox 257 2898 1849 3018">
    <p class='ocr_par' dir='ltr' id='par_1_7' title="bbox 257 2898 1849 3018">
     <span class='ocr_line' id='line_1_18' title="bbox 257 2898 1849 3018; baseline -0.024 -17"><span class='ocrx_word' id='word_1_134' title='bbox 257 2922 448 3018; x_wconf 73' lang='lat' dir='ltr'>„junbium-</span> <span class='ocrx_word' id='word_1_135' title='bbox 465 2938 547 2992; x_wconf 79' lang='lat' dir='ltr'>cnm</span> <span class='ocrx_word' id='word_1_136' title='bbox 564 2912 818 2988; x_wconf 75' lang='lat' dir='ltr'>landimoniali</span> <span class='ocrx_word' id='word_1_137' title='bbox 836 2912 983 3007; x_wconf 87' lang='lat' dir='ltr'>Agnete</span> <span class='ocrx_word' id='word_1_138' title='bbox 1001 2909 1185 2984; x_wconf 88' lang='lat' dir='ltr'>Mansseld</span> <span class='ocrx_word' id='word_1_139' title='bbox 1202 2912 1399 3011; x_wconf 89' lang='lat' dir='ltr'>Gregorius</span> <span class='ocrx_word' id='word_1_140' title='bbox 1410 2914 1494 2990; x_wconf 84' lang='lat' dir='ltr'>Xlll</span> <span class='ocrx_word' id='word_1_141' title='bbox 1503 2966 1517 3007; x_wconf 92' lang='lat'>,</span> <span class='ocrx_word' id='word_1_142' title='bbox 1544 2917 1717 2995; x_wconf 65' lang='lat' dir='ltr'>Anteceg</span> <span class='ocrx_word' id='word_1_143' title='bbox 1819 2898 1822 2905; x_wconf 86' lang='lat'>&#39;</span> <span class='ocrx_word' id='word_1_144' title='bbox 1841 2999 1849 3005; x_wconf 33' lang='grc'><strong>-</strong></span> 
     </span>
    </p>
   </div>
   <div class='ocr_carea' id='block_1_8' title="bbox 200 3008 1797 4316">
    <p class='ocr_par' dir='ltr' id='par_1_8' title="bbox 200 3008 1753 4004">
     <span class='ocr_line' id='line_1_19' title="bbox 200 3008 1715 3117; baseline -0.005 -18"><span class='ocrx_word' id='word_1_145' title='bbox 200 3074 205 3081; x_wconf 90' lang='grc'>-</span> <span class='ocrx_word' id='word_1_146' title='bbox 257 3025 345 3117; x_wconf 89' lang='lat' dir='ltr'>„sor</span> <span class='ocrx_word' id='word_1_147' title='bbox 375 3017 497 3098; x_wconf 88' lang='lat' dir='ltr'>noster</span> <span class='ocrx_word' id='word_1_148' title='bbox 524 3008 717 3111; x_wconf 89' lang='lat' dir='ltr'>pontificio</span> <span class='ocrx_word' id='word_1_149' title='bbox 750 3011 815 3087; x_wconf 90' lang='lat' dir='ltr'>suo</span> <span class='ocrx_word' id='word_1_150' title='bbox 850 3010 1001 3085; x_wconf 90' lang='lat' dir='ltr'>decreto</span> <span class='ocrx_word' id='word_1_151' title='bbox 1035 3008 1315 3105; x_wconf 83' lang='lat' dir='ltr'>exautbotavit,</span> <span class='ocrx_word' id='word_1_152' title='bbox 1356 3012 1513 3108; x_wconf 89' lang='lat' dir='ltr'>dirisque</span> <span class='ocrx_word' id='word_1_153' title='bbox 1544 3014 1715 3092; x_wconf 85' lang='lat' dir='ltr'>devovit.</span> 
     </span>
     <span class='ocr_line' id='line_1_20' title="bbox 259 3111 1712 3216; baseline -0.01 -21"><span class='ocrx_word' id='word_1_154' title='bbox 259 3122 414 3216; x_wconf 84' lang='lat' dir='ltr'>„Atque</span> <span class='ocrx_word' id='word_1_155' title='bbox 444 3118 521 3189; x_wconf 88' lang='lat' dir='ltr'>haec</span> <span class='ocrx_word' id='word_1_156' title='bbox 552 3111 665 3189; x_wconf 84' lang='lat' dir='ltr'>caussa</span> <span class='ocrx_word' id='word_1_157' title='bbox 695 3111 788 3202; x_wconf 87' lang='lat' dir='ltr'>suit,</span> <span class='ocrx_word' id='word_1_158' title='bbox 822 3132 887 3187; x_wconf 88' lang='lat' dir='ltr'>cur</span> <span class='ocrx_word' id='word_1_159' title='bbox 922 3130 999 3186; x_wconf 87' lang='lat' dir='ltr'>oon</span> <span class='ocrx_word' id='word_1_160' title='bbox 1037 3126 1079 3185; x_wconf 91' lang='lat' dir='ltr'>ut</span> <span class='ocrx_word' id='word_1_161' title='bbox 1112 3119 1247 3200; x_wconf 71' lang='lat' dir='ltr'>antea,</span> <span class='ocrx_word' id='word_1_162' title='bbox 1276 3116 1577 3189; x_wconf 79' lang='lat' dir='ltr'>extraordinarius</span> <span class='ocrx_word' id='word_1_163' title='bbox 1605 3112 1712 3191; x_wconf 88' lang='lat' dir='ltr'>Nun.</span> 
     </span>
     <span class='ocr_line' id='line_1_21' title="bbox 258 3208 1753 3315; baseline -0.005 -22"><span class='ocrx_word' id='word_1_164' title='bbox 258 3222 359 3315; x_wconf 81' lang='lat' dir='ltr'>„tius</span> <span class='ocrx_word' id='word_1_165' title='bbox 379 3216 491 3289; x_wconf 90' lang='lat' dir='ltr'>solum</span> <span class='ocrx_word' id='word_1_166' title='bbox 513 3232 581 3309; x_wconf 90' lang='lat' dir='ltr'>pro</span> <span class='ocrx_word' id='word_1_167' title='bbox 594 3232 645 3286; x_wconf 80' lang='lat' dir='ltr'>re</span> <span class='ocrx_word' id='word_1_168' title='bbox 666 3226 771 3303; x_wconf 88' lang='lat' dir='ltr'>nata,</span> <span class='ocrx_word' id='word_1_169' title='bbox 790 3230 839 3286; x_wconf 81' lang='lat' dir='ltr'>ac</span> <span class='ocrx_word' id='word_1_170' title='bbox 859 3228 1064 3307; x_wconf 87' lang='lat' dir='ltr'>temporum</span> <span class='ocrx_word' id='word_1_171' title='bbox 1085 3208 1290 3287; x_wconf 81' lang='lat' dir='ltr'>necessitate</span> <span class='ocrx_word' id='word_1_172' title='bbox 1312 3212 1355 3285; x_wconf 87' lang='lat' dir='ltr'>ad</span> <span class='ocrx_word' id='word_1_173' title='bbox 1377 3235 1436 3287; x_wconf 89' lang='lat' dir='ltr'>eas</span> <span class='ocrx_word' id='word_1_174' title='bbox 1457 3212 1642 3311; x_wconf 83' lang='lat' dir='ltr'>Regiones</span> <span class='ocrx_word' id='word_1_175' title='bbox 1663 3218 1713 3288; x_wconf 89' lang='lat' dir='ltr'>le·</span> <span class='ocrx_word' id='word_1_176' title='bbox 1749 3278 1753 3285; x_wconf 89' lang='lat'>.</span> 
     </span>
     <span class='ocr_line' id='line_1_22' title="bbox 257 3308 1714 3415; baseline -0.003 -22"><span class='ocrx_word' id='word_1_177' title='bbox 257 3312 454 3415; x_wconf 81' lang='lat' dir='ltr'>„garetur,</span> <span class='ocrx_word' id='word_1_178' title='bbox 480 3367 525 3382; x_wconf 89' lang='lat'><em>-</em></span> <span class='ocrx_word' id='word_1_179' title='bbox 549 3308 608 3386; x_wconf 87' lang='lat' dir='ltr'>sed</span> <span class='ocrx_word' id='word_1_180' title='bbox 627 3314 671 3385; x_wconf 90' lang='lat' dir='ltr'>ab</span> <span class='ocrx_word' id='word_1_181' title='bbox 692 3331 739 3384; x_wconf 90' lang='lat' dir='ltr'>eo</span> <span class='ocrx_word' id='word_1_182' title='bbox 759 3325 925 3405; x_wconf 88' lang='lat' dir='ltr'>tempore</span> <span class='ocrx_word' id='word_1_183' title='bbox 946 3310 1222 3400; x_wconf 86' lang='lat' dir='ltr'>decerneretur,</span> <span class='ocrx_word' id='word_1_184' title='bbox 1247 3314 1346 3385; x_wconf 90' lang='lat' dir='ltr'>utin</span> <span class='ocrx_word' id='word_1_185' title='bbox 1365 3312 1408 3385; x_wconf 89' lang='lat' dir='ltr'>iis</span> <span class='ocrx_word' id='word_1_186' title='bbox 1427 3315 1634 3410; x_wconf 81' lang='lat' dir='ltr'>regionibus</span> <span class='ocrx_word' id='word_1_187' title='bbox 1653 3332 1714 3389; x_wconf 89' lang='lat' dir='ltr'>or·</span> 
     </span>
     <span class='ocr_line' id='line_1_23' title="bbox 260 3408 1713 3514; baseline -0.001 -25"><span class='ocrx_word' id='word_1_188' title='bbox 260 3415 447 3514; x_wconf 84' lang='lat' dir='ltr'>„dinatius</span> <span class='ocrx_word' id='word_1_189' title='bbox 468 3412 630 3489; x_wconf 81' lang='lat' dir='ltr'>Nuntius</span> <span class='ocrx_word' id='word_1_190' title='bbox 656 3408 855 3485; x_wconf 84' lang='lat' dir='ltr'>constituto</span> <span class='ocrx_word' id='word_1_191' title='bbox 877 3411 942 3484; x_wconf 79' lang='lat' dir='ltr'>sibi</span> <span class='ocrx_word' id='word_1_192' title='bbox 965 3408 1099 3485; x_wconf 88' lang='lat' dir='ltr'>ibidem</span> <span class='ocrx_word' id='word_1_193' title='bbox 1125 3410 1528 3506; x_wconf 85' lang='lat' dir='ltr'>domiciliorelideret‚</span> <span class='ocrx_word' id='word_1_194' title='bbox 1564 3414 1626 3505; x_wconf 90' lang='lat' dir='ltr'>qui</span> <span class='ocrx_word' id='word_1_195' title='bbox 1650 3410 1713 3489; x_wconf 78' lang='lat' dir='ltr'>sue</span> 
     </span>
     <span class='ocr_line' id='line_1_24' title="bbox 258 3510 1713 3625; baseline -0.003 -34"><span class='ocrx_word' id='word_1_196' title='bbox 258 3516 471 3625; x_wconf 69' lang='lat' dir='ltr'>„presentia</span> <span class='ocrx_word' id='word_1_197' title='bbox 496 3528 559 3587; x_wconf 89' lang='lat' dir='ltr'>aut</span> <span class='ocrx_word' id='word_1_198' title='bbox 578 3511 670 3589; x_wconf 88' lang='lat' dir='ltr'>mala</span> <span class='ocrx_word' id='word_1_199' title='bbox 690 3524 939 3607; x_wconf 74' lang='lat' dir='ltr'>precaveret,</span> <span class='ocrx_word' id='word_1_200' title='bbox 977 3524 1041 3583; x_wconf 93' lang='lat' dir='ltr'>aut</span> <span class='ocrx_word' id='word_1_201' title='bbox 1062 3524 1161 3584; x_wconf 88' lang='lat' dir='ltr'>certe</span> <span class='ocrx_word' id='word_1_202' title='bbox 1185 3513 1284 3585; x_wconf 88' lang='lat' dir='ltr'>nulla</span> <span class='ocrx_word' id='word_1_203' title='bbox 1302 3510 1511 3604; x_wconf 76' lang='lat' dir='ltr'>interposita</span> <span class='ocrx_word' id='word_1_204' title='bbox 1533 3532 1635 3589; x_wconf 88' lang='lat' dir='ltr'>mora</span> <span class='ocrx_word' id='word_1_205' title='bbox 1660 3533 1713 3587; x_wconf 88' lang='lat' dir='ltr'>re·</span> 
     </span>
     <span class='ocr_line' id='line_1_25' title="bbox 259 3609 1714 3715; baseline -0.003 -23"><span class='ocrx_word' id='word_1_206' title='bbox 259 3629 440 3715; x_wconf 75' lang='lat' dir='ltr'>„pararet</span> <span class='ocrx_word' id='word_1_207' title='bbox 489 3610 647 3700; x_wconf 87' lang='lat' dir='ltr'>Primus,</span> <span class='ocrx_word' id='word_1_208' title='bbox 673 3612 733 3705; x_wconf 83' lang='lat' dir='ltr'>qui</span> <span class='ocrx_word' id='word_1_209' title='bbox 749 3610 847 3686; x_wconf 93' lang='lat' dir='ltr'>hunc</span> <span class='ocrx_word' id='word_1_210' title='bbox 863 3611 899 3684; x_wconf 90' lang='lat' dir='ltr'>in</span> <span class='ocrx_word' id='word_1_211' title='bbox 916 3610 1065 3683; x_wconf 91' lang='lat' dir='ltr'>modum</span> <span class='ocrx_word' id='word_1_212' title='bbox 1082 3611 1328 3707; x_wconf 85' lang='lat' dir='ltr'>ablegaretur,</span> <span class='ocrx_word' id='word_1_213' title='bbox 1353 3609 1423 3683; x_wconf 88' lang='lat' dir='ltr'>suit</span> <span class='ocrx_word' id='word_1_214' title='bbox 1439 3610 1598 3707; x_wconf 79' lang='lat' dir='ltr'>joannes</span> <span class='ocrx_word' id='word_1_215' title='bbox 1606 3610 1714 3687; x_wconf 84' lang='lat' dir='ltr'>Fran·</span> 
     </span>
     <span class='ocr_line' id='line_1_26' title="bbox 268 3708 1712 3807; baseline -0.006 -14"><span class='ocrx_word' id='word_1_216' title='bbox 268 3712 400 3807; x_wconf 58' lang='lat' dir='ltr'>,ciselo</span> <span class='ocrx_word' id='word_1_217' title='bbox 431 3713 649 3801; x_wconf 86' lang='lat' dir='ltr'>Bonhomo,</span> <span class='ocrx_word' id='word_1_218' title='bbox 690 3710 888 3807; x_wconf 81' lang='lat' dir='ltr'>Episcopus</span> <span class='ocrx_word' id='word_1_219' title='bbox 917 3709 1201 3785; x_wconf 85' lang='lat' dir='ltr'>Vercelleolls.“</span> <span class='ocrx_word' id='word_1_220' title='bbox 1260 3708 1350 3784; x_wconf 82' lang='lat' dir='ltr'>llaec</span> <span class='ocrx_word' id='word_1_221' title='bbox 1382 3713 1503 3803; x_wconf 89' lang='lat' dir='ltr'>itaque</span> <span class='ocrx_word' id='word_1_222' title='bbox 1533 3709 1712 3786; x_wconf 85' lang='lat' dir='ltr'>institutio</span> 
     </span>
     <span class='ocr_line' id='line_1_27' title="bbox 257 3767 1712 3907; baseline -0.003 -18"><span class='ocrx_word' id='word_1_223' title='bbox 257 3767 486 3889; x_wconf 79' lang='lat' dir='ltr'>Nuntiaturae</span> <span class='ocrx_word' id='word_1_224' title='bbox 508 3816 577 3900; x_wconf 87' lang='lat' dir='ltr'>jam</span> <span class='ocrx_word' id='word_1_225' title='bbox 598 3818 642 3885; x_wconf 89' lang='lat' dir='ltr'>ab</span> <span class='ocrx_word' id='word_1_226' title='bbox 663 3814 802 3907; x_wconf 89' lang='lat' dir='ltr'>origine</span> <span class='ocrx_word' id='word_1_227' title='bbox 827 3809 886 3883; x_wconf 86' lang='lat' dir='ltr'>sua</span> <span class='ocrx_word' id='word_1_228' title='bbox 907 3806 1094 3884; x_wconf 85' lang='lat' dir='ltr'>ordinariis</span> <span class='ocrx_word' id='word_1_229' title='bbox 1114 3806 1338 3893; x_wconf 85' lang='lat' dir='ltr'>Nuntiorum</span> <span class='ocrx_word' id='word_1_230' title='bbox 1360 3808 1604 3885; x_wconf 85' lang='lat' dir='ltr'>Facultatibus</span> <span class='ocrx_word' id='word_1_231' title='bbox 1625 3830 1712 3905; x_wconf 73' lang='lat' dir='ltr'>pre·</span> 
     </span>
     <span class='ocr_line' id='line_1_28' title="bbox 259 3906 1711 4004; baseline -0.003 -17"><span class='ocrx_word' id='word_1_232' title='bbox 259 3913 374 4001; x_wconf 72' lang='lat' dir='ltr'>dite,</span> <span class='ocrx_word' id='word_1_233' title='bbox 390 3907 580 4001; x_wconf 85' lang='lat' dir='ltr'>quod&#39;ipse</span> <span class='ocrx_word' id='word_1_234' title='bbox 601 3908 797 3981; x_wconf 86' lang='lat' dir='ltr'>modernus</span> <span class='ocrx_word' id='word_1_235' title='bbox 815 3906 1042 3982; x_wconf 82' lang='lat' dir='ltr'>Colonienfis</span> <span class='ocrx_word' id='word_1_236' title='bbox 1059 3908 1363 4004; x_wconf 81' lang='lat' dir='ltr'>Archiepiscopus</span> <span class='ocrx_word' id='word_1_237' title='bbox 1382 3910 1419 3983; x_wconf 93' lang='lat' dir='ltr'>in</span> <span class='ocrx_word' id='word_1_238' title='bbox 1440 3908 1498 3983; x_wconf 86' lang='lat' dir='ltr'>sua</span> <span class='ocrx_word' id='word_1_239' title='bbox 1510 3906 1711 3983; x_wconf 75' lang='lat' dir='ltr'>lustrudlio·</span> 
     </span>
    </p>

    <p class='ocr_par' dir='ltr' id='par_1_9' title="bbox 233 4005 1797 4316">
     <span class='ocr_line' id='line_1_29' title="bbox 233 4005 1797 4105; baseline -0.004 -20"><span class='ocrx_word' id='word_1_240' title='bbox 233 4023 307 4089; x_wconf 76' lang='lat' dir='ltr'>&#39;ne</span> <span class='ocrx_word' id='word_1_241' title='bbox 328 4006 614 4105; x_wconf 78' lang='lat' dir='ltr'>quadragesimali</span> <span class='ocrx_word' id='word_1_242' title='bbox 635 4016 775 4101; x_wconf 72' lang='lat' dir='ltr'>at1787</span> <span class='ocrx_word' id='word_1_243' title='bbox 797 4005 952 4089; x_wconf 83' lang='lat' dir='ltr'>latetur,</span> <span class='ocrx_word' id='word_1_244' title='bbox 987 4028 1034 4080; x_wconf 79' lang='lat' dir='ltr'>ex</span> <span class='ocrx_word' id='word_1_245' title='bbox 1056 4028 1103 4081; x_wconf 91' lang='lat' dir='ltr'>co</span> <span class='ocrx_word' id='word_1_246' title='bbox 1122 4024 1311 4103; x_wconf 87' lang='lat' dir='ltr'>tempore,</span> <span class='ocrx_word' id='word_1_247' title='bbox 1346 4029 1421 4102; x_wconf 90' lang='lat' dir='ltr'>quo</span> <span class='ocrx_word' id='word_1_248' title='bbox 1439 4007 1602 4085; x_wconf 90' lang='lat' dir='ltr'>Nuntius</span> <span class='ocrx_word' id='word_1_249' title='bbox 1622 4029 1712 4101; x_wconf 88' lang='lat' dir='ltr'>apo·</span> <span class='ocrx_word' id='word_1_250' title='bbox 1777 4038 1797 4055; x_wconf 74' lang='lat'>=</span> 
     </span>
     <span class='ocr_line' id='line_1_30' title="bbox 259 4104 1711 4207; baseline -0.004 -20"><span class='ocrx_word' id='word_1_251' title='bbox 259 4110 408 4201; x_wconf 78' lang='lat' dir='ltr'>stolicus</span> <span class='ocrx_word' id='word_1_252' title='bbox 432 4124 581 4203; x_wconf 87' lang='lat' dir='ltr'>propter</span> <span class='ocrx_word' id='word_1_253' title='bbox 603 4104 807 4201; x_wconf 77' lang='lat' dir='ltr'>apostasiam</span> <span class='ocrx_word' id='word_1_254' title='bbox 830 4104 1014 4179; x_wconf 84' lang='lat' dir='ltr'>Gebhardi</span> <span class='ocrx_word' id='word_1_255' title='bbox 1039 4104 1159 4185; x_wconf 85' lang='lat' dir='ltr'>missus</span> <span class='ocrx_word' id='word_1_256' title='bbox 1183 4107 1257 4205; x_wconf 88' lang='lat' dir='ltr'>est,</span> <span class='ocrx_word' id='word_1_257' title='bbox 1293 4106 1570 4207; x_wconf 80' lang='lat' dir='ltr'>dispensationes</span> <span class='ocrx_word' id='word_1_258' title='bbox 1590 4108 1711 4204; x_wconf 89' lang='lat' dir='ltr'>ponti·</span> 
     </span>
     <span class='ocr_line' id='line_1_31' title="bbox 258 4202 1493 4316; baseline -0.006 -29"><span class='ocrx_word' id='word_1_259' title='bbox 258 4206 357 4289; x_wconf 86' lang='lat' dir='ltr'>ficias</span> <span class='ocrx_word' id='word_1_260' title='bbox 377 4208 508 4285; x_wconf 78' lang='lat' dir='ltr'>abillo</span> <span class='ocrx_word' id='word_1_261' title='bbox 530 4208 688 4305; x_wconf 87' lang='lat' dir='ltr'>petitas,</span> <span class='ocrx_word' id='word_1_262' title='bbox 710 4204 972 4316; x_wconf 81' lang='lat' dir='ltr'>&amp;impetratas</span> <span class='ocrx_word' id='word_1_263' title='bbox 996 4202 1111 4282; x_wconf 79' lang='lat' dir='ltr'>mille.</span> <span class='ocrx_word' id='word_1_264' title='bbox 1489 4208 1493 4217; x_wconf 89' lang='grc'><strong>’</strong></span> 
     </span>
    </p>
   </div>
   <div class='ocr_carea' id='block_1_9' title="bbox 917 4377 1255 4494">
    <p class='ocr_par' dir='ltr' id='par_1_10' title="bbox 917 4377 1255 4494">
     <span class='ocr_line' id='line_1_32' title="bbox 917 4377 1255 4494; baseline 0 -22"><span class='ocrx_word' id='word_1_265' title='bbox 917 4377 1050 4494; x_wconf 72' lang='lat' dir='ltr'>§.tm</span> <span class='ocrx_word' id='word_1_266' title='bbox 1201 4428 1255 4486; x_wconf 82' lang='grc'>,-</span> 
     </span>
    </p>
   </div>
   <div class='ocr_carea' id='block_1_10' title="bbox 249 4520 1709 5139">
    <p class='ocr_par' dir='ltr' id='par_1_11' title="bbox 249 4520 1709 4849">
     <span class='ocr_line' id='line_1_33' title="bbox 407 4520 1709 4629; baseline 0.005 -29"><span class='ocrx_word' id='word_1_267' title='bbox 407 4530 526 4629; x_wconf 88' lang='lat' dir='ltr'>Quam</span> <span class='ocrx_word' id='word_1_268' title='bbox 550 4528 695 4601; x_wconf 87' lang='lat' dir='ltr'>obrem</span> <span class='ocrx_word' id='word_1_269' title='bbox 719 4520 857 4600; x_wconf 75' lang='lat' dir='ltr'>detedla</span> <span class='ocrx_word' id='word_1_270' title='bbox 881 4522 949 4613; x_wconf 85' lang='lat' dir='ltr'>iam</span> <span class='ocrx_word' id='word_1_271' title='bbox 973 4524 1051 4601; x_wconf 88' lang='lat' dir='ltr'>fere</span> <span class='ocrx_word' id='word_1_272' title='bbox 1069 4538 1149 4604; x_wconf 90' lang='lat' dir='ltr'>tota</span> <span class='ocrx_word' id='word_1_273' title='bbox 1169 4550 1224 4607; x_wconf 87' lang='lat' dir='ltr'>ars</span> <span class='ocrx_word' id='word_1_274' title='bbox 1245 4527 1296 4605; x_wconf 82' lang='lat' dir='ltr'>ell</span> <span class='ocrx_word' id='word_1_275' title='bbox 1318 4530 1542 4608; x_wconf 81' lang='lat' dir='ltr'>Memorialls</span> <span class='ocrx_word' id='word_1_276' title='bbox 1563 4534 1709 4609; x_wconf 81' lang='lat' dir='ltr'>Bonnen-</span> 
     </span>
     <span class='ocr_line' id='line_1_34' title="bbox 249 4625 1708 4729; baseline 0.004 -30"><span class='ocrx_word' id='word_1_277' title='bbox 249 4628 363 4728; x_wconf 56' lang='lat' dir='ltr'>fisb)</span> <span class='ocrx_word' id='word_1_278' title='bbox 389 4626 532 4719; x_wconf 80' lang='lat' dir='ltr'>Imperii</span> <span class='ocrx_word' id='word_1_279' title='bbox 556 4626 776 4719; x_wconf 84' lang='lat' dir='ltr'>Principibus</span> <span class='ocrx_word' id='word_1_280' title='bbox 802 4625 937 4716; x_wconf 85' lang='lat' dir='ltr'>oblati,</span> <span class='ocrx_word' id='word_1_281' title='bbox 975 4627 1076 4721; x_wconf 92' lang='lat' dir='ltr'>quod</span> <span class='ocrx_word' id='word_1_282' title='bbox 1102 4631 1276 4729; x_wconf 89' lang='lat' dir='ltr'>originem</span> <span class='ocrx_word' id='word_1_283' title='bbox 1301 4628 1524 4707; x_wconf 89' lang='lat' dir='ltr'>Nuntiotum</span> <span class='ocrx_word' id='word_1_284' title='bbox 1552 4654 1570 4706; x_wconf 93' lang='lat' dir='ltr'>a</span> <span class='ocrx_word' id='word_1_285' title='bbox 1596 4634 1708 4706; x_wconf 89' lang='lat' dir='ltr'>tertio</span> 
     </span>
     <span class='ocr_line' id='line_1_35' title="bbox 256 4723 1709 4849; baseline 0 -42"><span class='ocrx_word' id='word_1_286' title='bbox 256 4735 410 4831; x_wconf 89' lang='lat' dir='ltr'>primum</span> <span class='ocrx_word' id='word_1_287' title='bbox 426 4724 570 4801; x_wconf 88' lang='lat' dir='ltr'>Nuntio</span> <span class='ocrx_word' id='word_1_288' title='bbox 585 4723 786 4807; x_wconf 85' lang='lat' dir='ltr'>Coriolano</span> <span class='ocrx_word' id='word_1_289' title='bbox 801 4726 949 4821; x_wconf 86' lang='lat' dir='ltr'>incipit,</span> <span class='ocrx_word' id='word_1_290' title='bbox 975 4729 1070 4824; x_wconf 84' lang='lat' dir='ltr'>quast</span> <span class='ocrx_word' id='word_1_291' title='bbox 1085 4743 1225 4807; x_wconf 87' lang='lat' dir='ltr'>tantum</span> <span class='ocrx_word' id='word_1_292' title='bbox 1241 4732 1543 4809; x_wconf 85' lang='lat' dir='ltr'>extraordinarius</span> <span class='ocrx_word' id='word_1_293' title='bbox 1559 4735 1588 4806; x_wconf 86' lang='lat' dir='ltr'>ir</span> <span class='ocrx_word' id='word_1_294' title='bbox 1602 4728 1709 4849; x_wconf 80' lang='lat' dir='ltr'>Nun·</span> 
     </span>
    </p>

    <p class='ocr_par' dir='ltr' id='par_1_12' title="bbox 255 4846 1705 5139">
     <span class='ocr_line' id='line_1_36' title="bbox 954 4846 1656 4905; baseline 0.006 -4"><span class='ocrx_word' id='word_1_295' title='bbox 954 4848 956 4853; x_wconf 91' lang='lat'>·</span> <span class='ocrx_word' id='word_1_296' title='bbox 1584 4846 1656 4905; x_wconf 86' lang='lat' dir='ltr'>nur</span> 
     </span>
     <span class='ocr_line' id='line_1_37' title="bbox 255 4932 1705 5053; baseline 0.006 -32"><span class='ocrx_word' id='word_1_297' title='bbox 255 4932 546 5053; x_wconf 67' lang='lat' dir='ltr'>&#39;‘ij&#39;fionmnn</span> <span class='ocrx_word' id='word_1_298' title='bbox 565 4962 639 5022; x_wconf 80' lang='lat' dir='ltr'>titus</span> <span class='ocrx_word' id='word_1_299' title='bbox 656 4958 831 5021; x_wconf 66' lang='lat' dir='ltr'>memoriale</span> <span class='ocrx_word' id='word_1_300' title='bbox 850 4976 952 5029; x_wconf 84' lang='lat' dir='ltr'>voco,</span> <span class='ocrx_word' id='word_1_301' title='bbox 982 4963 1051 5040; x_wconf 70' lang='lat' dir='ltr'>qnia</span> <span class='ocrx_word' id='word_1_302' title='bbox 1067 4980 1164 5044; x_wconf 69' lang='lat' dir='ltr'>neme</span> <span class='ocrx_word' id='word_1_303' title='bbox 1180 4960 1344 5049; x_wconf 63' lang='lat' dir='ltr'>cobutefis</span> <span class='ocrx_word' id='word_1_304' title='bbox 1357 4968 1517 5044; x_wconf 70' lang='lat' dir='ltr'>uidete,</span> <span class='ocrx_word' id='word_1_305' title='bbox 1545 4982 1642 5047; x_wconf 78' lang='lat' dir='ltr'>neque</span> <span class='ocrx_word' id='word_1_306' title='bbox 1661 4968 1705 5030; x_wconf 80' lang='lat' dir='ltr'>ea·</span> 
     </span>
     <span class='ocr_line' id='line_1_38' title="bbox 373 5038 1105 5139; baseline 0.001 -28"><span class='ocrx_word' id='word_1_307' title='bbox 373 5050 479 5113; x_wconf 71' lang='lat' dir='ltr'>viterb</span> <span class='ocrx_word' id='word_1_308' title='bbox 491 5046 555 5121; x_wconf 75' lang='lat' dir='ltr'>eli,</span> <span class='ocrx_word' id='word_1_309' title='bbox 576 5045 626 5107; x_wconf 86' lang='lat' dir='ltr'>sed</span> <span class='ocrx_word' id='word_1_310' title='bbox 645 5038 849 5119; x_wconf 77' lang='lat' dir='ltr'>tentuni&#39;aulae</span> <span class='ocrx_word' id='word_1_311' title='bbox 869 5046 1048 5117; x_wconf 68' lang='lat' dir='ltr'>electoralis.</span> <span class='ocrx_word' id='word_1_312' title='bbox 1101 5131 1105 5139; x_wconf 14' lang='grc' dir='ltr'>φ</span> 
     </span>
    </p>
   </div>
   <div class='ocr_carea' id='block_1_11' title="bbox 0 0 1976 6134">
    <p class='ocr_par' dir='ltr' id='par_1_13' title="bbox 0 0 1976 6134">
     <span class='ocr_line' id='line_1_39' title="bbox 0 0 1976 6134; baseline 0 1"><span class='ocrx_word' id='word_1_313' title='bbox 0 0 1976 6134; x_wconf 95' lang='lat' dir='ltr'> </span> 
     </span>
    </p>
   </div>
  </div>
 </body>
</html>
