3942 6134
673 1124 700 1201 ¹.
783 1118 1126 1197 ¹¹¹¹—-
1563 1085 1635 1204 1'19

103 1325 104 1342 τ
231 1302 305 1363 tem
318 1275 535 1359 violentiam
546 1278 698 1356 inferret
706 1272 742 1352 S.
753 1274 943 1373 Scriptura
953 1266 1208 1372 eloquiis,'dt.
1218 1276 1360 1359 Battum
1373 1278 1560 1371 dafinidis,
1586 1266 1685 1357 Cori·

103 1443 105 1484 ,
226 1390 397 1463 ciliorum
415 1380 528 1471 aslis,
567 1376 775 1453 &decretia
835 1397 905 1451 uec
926 1398 1003 1455 non
1025 1380 1142 1453 totiua
1157 1376 1324 1455 Eccleha
1345 1378 1430 1453 fidei
1454 1379 1499 1451 tle
1520 1377 1614 1453 Petri
1636 1380 1685 1455 di·
1790 1446 1792 1451 .

103 1577 104 1586 Ν
166 1531 172 1543 ·
223 1488 389 1583 gnitate,
415 1476 553 1556 &inde
574 1474 760 1553 defluente
780 1426 1219 1567 iontisicirauthoritatea
1249 1498 1291 1551 ea
1312 1490 1432 1555 tamen
1455 1480 1582 1569 opinio
1603 1500 1700 1557 non.
1744 1540 1750 1549 .

228 1586 427 1657 videbatur
444 1598 597 1669 meram,
622 1597 819 1671 puramque
836 1574 1114 1669 speculationem
1135 1576 1277 1673 egredi,
1302 1596 1373 1653 nec
1391 1581 1428 1654 iu
1447 1578 1544 1669 praxi
1564 1582 1684 1671 ponti·

103 1715 104 1760 i
223 1678 323 1759 fic'iae
345 1679 553 1755 authoritati
570 1676 763 1771 quidquam
786 1675 995 1766 detrahere,
1033 1679 1165 1771 quippe
1186 1698 1268 1751 cum
1289 1673 1374 1750 fidei
1397 1678 1563 1769 dogmata
1581 1696 1683 1751 num·
1744 1691 1786 1762 ο

223 1803 336 1875 quam
357 1800 423 1875 per
442 1770 477 1853 se
485 1777 594 1875 solor,
625 1774 686 1849 sed
707 1773 845 1871 semper
866 1796 949 1849 cum
972 1794 1129 1852 romane
1138 1772 1303 1853 Ecclesia
1316 1773 1509 1867 consensu,
1540 1794 1582 1851 ac
1596 1776 1684 1853 anth

103 1873 104 1910 ¹
221 1902 299 1977 qua
318 1876 394 1957 side
414 1876 539 1956 summi
559 1870 754 1953 Pouufitea
774 1868 962 1955 deliniant.

889 2016 1286 2167 sia-⁸,

381 2204 437 2280 dt
460 2224 482 2279 e
504 2194 712 2287 motiano,
750 2214 829 2288 que
850 2191 1022 2269 hasienua
1043 2204 1181 2269 tantum
1198 2181 1300 2269 inter
1323 2191 1549 2275 scholasticos
1570 2194 1685 2293 dispo·

226 2306 377 2381 labatur
394 2305 522 2399 opinio
542 2300 642 2376 nulla
661 2316 743 2371 cum
763 2294 982 2368 authoritate
1001 2295 1169 2387 publica,
1208 2298 1268 2369 vel
1291 2294 1549 2386 ecclesiastica,
1587 2317 1629 2369 ea
1646 2299 1686 2373 iu

227 2418 423 2480 conventu
439 2399 701 2495 Episcoporum
718 2413 816 2469 nunc
830 2392 1031 2467 declaratur
1044 2392 1225 2487 gallicane
1252 2393 1416 2469 Ecclesia
1445 2394 1603 2470 doflriiia
1624 2416 1688 2488 per

229 2502 433 2579 universale
448 2499 655 2574 Concilium
671 2489 933 2579 constantiense
950 2488 1099 2565 definita
1126 2494 1175 2582 θ’).
1230 2490 1363 2585 Neque
1378 2496 1450 2587 jam
1470 2498 1506 2569 iii
1525 2494 1598 2569 sola
1614 2492 1689 2587 spe·

232 2603 419 2679 dolatione
435 2601 609 2687 haeretur,
645 2592 706 2667 sed
726 2594 788 2665 tel
800 2590 962 2666 maxime
981 2592 1025 2664 ad
1044 2592 1169 2685 praxin
1189 2593 1399 2687 respicitur,
1439 2608 1482 2667 iit
1500 2592 1689 2689 previsum

226 2685 440 2796 apostolice
455 2698 557 2775 Sedis
570 2697 711 2772 fulmen
726 2690 960 2787 infringatur:
986 2702 1178 2785 propterea
1194 2710 1271 2765 non
1288 2690 1401 2767 soloin
1420 2688 1604 2765 Pontificir
1617 2710 1689 2788 per·

218 2802 373 2898 suedia,
405 2798 466 2875 fed
488 2799 521 2871 si
540 2794 747 2890 apostolieae
767 2790 891 2883 Sedit,
922 2788 1053 2879 idest,
1085 2812 1221 2865 romarici
1236 2790 1380 2883 Ecclesia
1393 2812 1547 2865 unacum
1560 2788 1689 2883 Capite
1779 2788 1782 2803 '

226 2899 298 2973 suo
323 2897 525 2993 coniunile
546 2894 678 2989 judicia
699 2889 872 2985 superiori
895 2889 1053 2984 quodam
1075 2887 1214 2980 judicio
1243 2890 1487 2969 reformabilia
1510 2892 1699 2966 declarem

227 3012 316 3087 tur,
354 3018 474 3090 eoque
493 2993 745 3071 commentitio
769 3006 848 3063 uon
870 3004 1009 3067 tantum
1030 2989 1183 3077 camur,
1218 2987 1278 3065 fed
1300 2989 1407 3085 &ilis
1433 2992 1487 3087 rsa
1510 2988 1689 3076 Ecclesiae,

225 3096 338 3171 secus
360 3118 403 3171 ac
426 3095 547 3169 Patres
573 3086 855 3189 ‚constantienses
871 3087 1126 3181 judicaverant
1143 3087 1210 3177 **).
1260 3084 1368 3163 Haud
1406 3092 1473 3163 atis
1493 3084 1588 3163 hene
1612 3108 1689 3163 rem

224 3198 467 3289 intelligunt,
492 3192 552 3283 qui
567 3186 728 3265 eamdem
744 3184 912 3259 Ecclesia
925 3184 1106 3277 dispersae,
1132 3204 1236 3275 quam
1257 3184 1416 3263 colleilae
1433 3188 1689 3265 authoritatem

224 3290 490 3389 praetendunt:
522 3286 708 3359 nonenim
725 3281 771 3354 de
786 3277 1004 3355 aulhoritate
1020 3294 1182 3372 tantum,
1215 3281 1273 3357 sed
1291 3285 1335 3359 de
1351 3287 1575 3362 authoritatis
1592 3304 1691 3360 eaer-
1829 3366 1835 3373 ,

227 3392 328 3467 citio
352 3389 412 3462 hic
436 3388 626 3479 quaritur,
661 3380 699 3455 id
719 3376 790 3471 est,
831 3379 880 3453 de
899 3379 1039 3473 iudicio
1063 3380 1233 3455 uniformi
1259 3386 1371 3459 totiur
1390 3384 1577 3475 Ecclesia,
1615 3403 1689 3479 quo

230 3486 444 3585 apostolice
460 3482 561 3559 Sedit
576 3477 751 3555 sententia
770 3474 1009 3571 reformetur,
1043 3482 1148 3567 quale
1162 3480 1331 3571 judicium
1353 3506 1373 3557 a
1390 3484 1690 3579 collectasoluni,

230 3588 445 3679 neutiquam
466 3578 558 3659 vero
578 3576 727 3675 dispersa
744 3574 903 3654 Ecclesia
920 3576 1079 3669 institui,
1114 3578 1278 3675 formari,
1315 3586 1347 3655 dt
1370 3586 1540 3678 publicari
1560 3584 1688 3679 posset.

233 3692 365 3791 Quare
386 3684 410 3761 si
431 3704 453 3757 a
472 3678 644 3757 consensu
663 3679 777 3751 totiua
796 3674 932 3751 diffusa
947 3672 1114 3752 Ecclesia
1132 3679 1275 3771 dando,
1298 3686 1358 3756 vel
1378 3682 1545 3779 negando
1569 3680 1692 3759 decre·

231 3801 273 3861 ta
299 3782 504 3879 apostolica
523 3778 625 3853 Sedit
642 3772 866 3871 penderent,
890 3797 973 3853 cum
995 3774 1203 3853 universalis
1225 3780 1284 3855 hic
1307 3780 1496 3857 consensui
1518 3782 1602 3874 viii,
1627 3792 1691 3859 aut

232 3906 284 3959 ne
298 3886 368 3959 uir
392 3876 538 3975 quidem
562 3874 810 3965 innotescere,
833 3878 910 3965 imo
932 3896 1124 3971 numquam
1147 3900 1166 3955 a
1188 3878 1383 3974 refragariir
1409 3880 1525 3975 pollet
1551 3885 1693 3957 obtine·

236 3987 291 4073 ria
329 3975 525 4057 necessario
546 3972 678 4047 divine
698 3966 781 4045 fidei
795 3976 945 4085 regula,
977 3972 1071 4049 Petri
1092 3974 1289 4070 apostolica
1311 3980 1530 4055 authoritate
1550 3984 1692 4075 prolata

238 4097 406 4171 nutaret,
438 4094 557 4169 eoque
573 4072 725 4169 amplius
743 4087 860 4145 unitae
874 4074 914 4149 in
928 4070 1000 4147 fide
1017 4075 1312 4170 disrumperetur,
1326 4149 1328 4153 ,
1344 4100 1418 4173 quo
1434 4084 1553 4175 plures
1571 4078 1693 4155 Eccle-

237 4182 306 4257 siae
330 4178 559 4275 particulares
579 4192 681 4247 error
699 4169 896 4273 infecisset,
919 4192 1038 4265 oeque
1057 4174 1170 4251 solum
1190 4180 1397 4275 emansisse,
1422 4179 1481 4255 sed
1501 4180 1715 4273 cujuslibet.

233 4280 409 4377 sentinis
427 4274 594 4358 aceresia
613 4268 753 4368 judicio
774 4266 960 4348 Pontificio
982 4268 1159 4353 stuteotla
1179 4278 1421 4375 subjiceretur.

1336 4515 1344 4527 ⁶
1425 4524 1683 4665 '·t·14·[

284 4808 296 4841 ·
320 4790 358 4873 ⁸)
378 4788 549 4864 Bauleense,
569 4808 607 4853 ne
623 4791 742 4869 quiden
761 4791 862 4869 quoad
877 4789 944 4851 iiiii
958 4786 1092 4867 priorum
1107 4792 1265 4858 &aaroni
1284 4788 1462 4867 assentienti,
1485 4790 1611 4869 alterne
1635 4756 1696 4873 ril-
1719 4741 1723 4749 ,

363 4874 451 4935 licam
464 4874 603 4937 Presulet
618 4876 775 4938 audebant·
1156 4904 1163 4911 ·

301 4956 566 5107 ”iminium
579 4961 698 5041 quidem
711 4960 885 5025 formalibus
899 4960 940 5026 lta
955 4960 1142 5038 declaratio,
1173 4956 1238 5023 satia
1254 4918 1351 5021 tamen
1366 4957 1468 5062 ipcr'te
1482 4960 1544 5041 ipso
1556 4938 1636 5035 se'asu
1651 4951 1716 5041 im.

486 5082 500 5112 a
773 5080 776 5083 ’
1636 5079 1644 5102 ’
