3942 6134
281 1093 398 1205 :84
623 1120 629 1136 ι
715 1182 718 1187 ,
882 1094 1215 1159 nm

239 1350 253 1357 „
306 1262 421 1363 gatos.
469 1264 587 1347 Eocur
606 1267 700 1341 enim
721 1264 832 1341 lrodie
847 1265 965 1343 minus
981 1267 1025 1341 fit
1045 1268 1269 1343 authoritatis
1289 1269 1325 1343 in
1340 1264 1435 1345 Petri
1451 1264 1621 1359 Wclrio,
1648 1280 1757 1359 quam

307 1363 533 1460 antiquitus?
570 1368 633 1439 llia
650 1364 879 1456 antiquiffima
898 1366 1020 1441 saltem
1040 1365 1253 1445 Pontificum
1275 1370 1427 1447 decreta
1435 1373 1507 1443 vim
1523 1370 1611 1463 legis
1629 1363 1690 1439 sua
1708 1384 1757 1438 ex

240 1498 252 1571 j
306 1466 446 1561 origiue
462 1464 636 1553 habuille,
665 1468 724 1538 vel
741 1466 802 1559 ipsr
819 1463 912 1539 Galli
928 1464 1112 1543 testantur.
1188 1468 1287 1571 Quid
1305 1468 1376 1561 est,
1401 1468 1499 1561 quod
1514 1468 1690 1557 temporis
1706 1466 1759 1537 la·

307 1562 574 1659 psu'pontilicia
590 1566 785 1639 authoritas
801 1553 1025 1658 perdiderit?
1045 1563 1239 1656 ,Antiquos
1257 1567 1358 1656 usus,
1385 1570 1548 1659 inquies,
1572 1559 1760 1649 fortrffima

310 1660 424 1734 Gallis
444 1666 503 1735 lex
529 1660 602 1753 est,
640 1667 845 1754 qaoenovis
867 1664 1021 1761 decretis
1042 1668 1224 1756 prevalet.
1273 1665 1372 1739 Bene
1393 1667 1464 1758 iam
1490 1666 1589 1739 nunc
1614 1658 1762 1753 quidem

307 1762 466 1852 loqueris
483 1765 586 1854 legem
606 1762 777 1836 vocando
796 1765 980 1855 antiquum
1003 1780 1162 1849 morem,
1179 1798 1183 1805 ·
1198 1784 1304 1853 quern
1327 1779 1431 1837 antea
1454 1782 1643 1857 perperam
1668 1762 1762 1834 liber·

309 1874 406 1933 tatur
426 1859 581 1935 vocasti:
614 1858 664 1935 est
683 1862 778 1934 enim
799 1862 941 1933 libertas
960 1861 1110 1935 naturali
1130 1861 1190 1934 sua
1210 1860 1466 1959 significatione
1485 1878 1562 1934 non
1583 1860 1668 1947 lex,
1702 1853 1760 1929 sed

309 1956 548 2033 immunitasa
567 1968 655 2055 lege.
705 1960 796 2032 satis
813 1962 954 2033 interim
980 1958 1028 2031 de
1049 1961 1247 2059 improprio
1263 1961 1450 2053 immonsa
1474 1978 1573 2039 nunc
1596 1955 1645 2031 de
1668 1951 1764 2035 infir·

268 2083 270 2086 ·
302 2058 375 2175 supe
395 2056 637 2136 fundamentis
655 2059 836 2158 gallicane
851 2058 1037 2133 libertatis.
1090 2137 1097 2157 ⁸
1156 2150 1157 2153 p

974 2232 1013 2349 l·
1043 2252 1084 2346 7·

282 2411 286 2418 ⁴
432 2371 516 2456 ‘De
537 2380 696 2493 origine,
720 2377 756 2453 dt
779 2378 997 2453 authoritate
1011 2378 1191 2454 libertatis
1216 2357 1624 2480 gallicane'srquaerasr
1654 2373 1756 2463 sunt,

310 2482 370 2573 qui
386 2500 468 2554 cunr
484 2480 630 2553 Fleurro
647 2477 870 2565 existiment,
904 2476 1109 2568 nequidem
1126 2498 1261 2551 nomen
1278 2481 1472 2551 illiuaante
1486 2474 1655 2553 Seculum
1672 2470 1760 2547 XllI

265 2590 283 2603 ·'
308 2596 439 2652 notum
459 2576 571 2649 fuiiie.
621 2572 798 2665 Equidem
820 2573 944 2647 Petrus
961 2576 1008 2646 de
1031 2574 1155 2648 Merca
1173 2576 1364 2650 contendit
1378 2574 1440 2669 1),
1474 2578 1598 2667 praxin
1617 2574 1761 2670 gallica·

309 2684 365 2750 'nae
385 2675 557 2748 libertatis
579 2692 680 2744 nova
704 2671 848 2745 decreta
875 2672 1107 2756 ecclesiastica
1130 2673 1376 2763 examinandi,
1412 2669 1646 2762 admittendi,
1685 2670 1763 2760 reji-

310 2770 453 2860 ciendi,
479 2772 703 2861 temperandi
726 2768 991 2863 antiquiffimam
1016 2770 1110 2862 elie,
1134 2774 1218 2865 ejus
1244 2792 1291 2845 ue
1313 2772 1463 2867 primum
1485 2772 1694 2865 exemplum
1715 2764 1761 2839 ad
1869 2798 1870 2813 ι

154 2908 161 2921 ·
309 2870 477 2943 Seruium
496 2867 670 2950 Vrefert.
715 2870 852 2942 Verum
873 2870 1017 2942 Author
1028 2869 1159 2964 Operis
1173 2793 1417 2946 &Pituanius
1431 2868 1572 2961 Ecclesia
1582 2872 1764 2964 gaditana,
1869 2908 1870 2949 r

310 2971 369 3061 qui
387 2966 487 3041 fuiffe
499 2966 662 3041 creditur
684 2964 720 3039 P.
740 2966 924 3041 Antonius
941 2964 1084 3043 Charias
1100 2968 1202 3067 s.‚J.,
1221 2968 1362 3043 invidiis
1382 2968 1581 3043 rationibus
1598 2964 1767 3039 Marcam
1869 2980 1870 3024 1

310 3066 530 3155 confutavit,
556 3064 796 3159 ostenditque,
821 3067 1007 3159 praeteuias
1023 3070 1206 3141 libertates
1222 3064 1764 3161 initiogseculilllv·origioem
1830 3092 1845 3102 ·

309 3166 451 3242 traxiiia
474 3188 495 3240 a
514 3184 646 3261 magno
668 3167 734 3239 iiio
758 3163 893 3237 diilrdio
913 3168 1008 3238 inter
1027 3164 1154 3259 Papam
1175 3166 1400 3239 Boniiacium
1423 3162 1534 3252 vill,
1565 3161 1599 3234 dr
1621 3156 1765 3255 Rege'm

119 3310 134 3317 -
262 3338 270 3351 ,
308 3262 510 3360 Philippum
527 3264 737 3358 pulchrum,
752 3284 870 3365 porro
886 3267 1147 3345 incrementum
1161 3262 1332 3359 accepiile
1345 3284 1365 3335 a
1379 3258 1564 3337 tristill'rmo
1579 3256 1763 3355 sclusmate

310 3368 470 3457 ejusdem
487 3364 614 3449 seculi,
650 3362 760 3455 usque
772 3362 815 3433 ad
830 3360 1018 3435 Gallorum
1029 3367 1276 3457 pragmaticam
1291 3358 1526 3447 sanctionem,
1553 3357 1670 3430 veluti
1687 3356 1762 3429 tho·

309 3464 471 3547 faurum,
495 3462 803 3551 &promtuarium
821 3458 947 3531 Gallia
964 3462 1182 3534 libertatum.
1213 3459 1345 3533 Harum
1360 3456 1551 3546 itaquevel
1569 3453 1640 3549 ipsa
1654 3454 1758 3549 origo

268 3583 272 3589 ·
311 3563 441 3633 vitiata
453 3558 540 3632 fuit:
563 3572 606 3628 ut
618 3558 712 3628 enim
732 3554 875 3627 duobus
892 3558 1012 3628 verbis
1030 3558 1151 3628 omnia
1164 3554 1402 3648 complectar,
1428 3574 1474 3625 ex
1490 3568 1676 3645 unaparte
1688 3550 1757 3624 fuit

247 3714 251 3724 .
310 3656 515 3751 Principum
536 3656 573 3727 in
590 3656 668 3745 iura
683 3650 914 3725 ecclesiastica
931 3650 1090 3739 invasro;
1116 3672 1161 3725 ex
1177 3654 1287 3727 altera
1306 3666 1406 3747 parte
1425 3650 1663 3725 Sacerdotum
1680 3665 1774 3744 erga·
1868 3734 1869 3741 Ν

178 3818 184 3824 .
313 3754 495 3847 Principes
513 3752 692 3840 adulatio,
719 3766 850 3844 utpote
870 3752 999 3844 quibus
1016 3752 1124 3845 magis
1141 3746 1240 3825 cordi
1256 3750 1374 3831 fuerat
1388 3748 1539 3825 studium
1561 3749 1645 3828 data
1658 3766 1758 3822 occa·
1868 3832 1869 3851 ἶ

311 3852 412 3929 sione
432 3852 468 3927 se
486 3848 745 3945 amplificandi,
771 3868 876 3941 quam
888 3847 988 3923 firma
1004 3848 1236 3941 obedientia,
1269 3870 1381 3942 eaque
1395 3852 1584 3943 aliquoties
1599 3850 1758 3937 duriore,

312 3953 411 4046 quod
431 3972 506 4025 non
524 3946 700 4035 diffiteor,
740 3962 868 4021 centro
889 3949 1036 4021 unitatis
1052 3946 1263 4027 adhaerendi.
1316 3948 1356 4025 Ὀ
1374 3950 1508 4023 utinam
1524 3945 1677 4023 turbidis
1693 3944 1771 4029 illis,

312 4052 536 4147 temporibus
552 4048 770 4123 subordinati
786 4044 952 4120 Ecclaia
974 4044 1132 4121 Pastores
1153 4048 1264 4143 justa,
1310 4047 1462 4139 &aequa
1481 4046 1542 4121 irbi
1566 4044 1757 4127 levamina,

315 4172 394 4227 non
406 4162 524 4223 autem
538 4152 645 4221 etiam
659 4147 799 4238 iniqua,
825 4144 1096 4238 &impoffibilia
1111 4150 1268 4223 obtentu
1287 4144 1484 4241 petililcnt!
1510 4144 1661 4221 Utinam
1676 4144 1759 4215 obe·

189 4252 193 4259 ’
318 4251 463 4323 dientie
479 4250 587 4343 magis
606 4262 807 4334 memores,
840 4264 945 4335 quam
962 4244 1252 4339 independentiae
1273 4243 1414 4317 iludiosr
1432 4240 1501 4317 sese
1520 4245 1581 4318 uni
1592 4240 1755 4334 supremo

314 4350 428 4423 totius
445 4346 608 4440 corporis
623 4342 742 4435 Capiti
759 4344 995 4436 equiparare,
1021 4359 1128 4435 atque
1144 4350 1250 4419 etiarn
1267 4341 1453 4437 preferre,
1483 4340 1578 4415 &fic
1593 4340 1757 4441 ordinem

314 4468 383 4545 pro
404 4447 549 4521 unitatis
564 4445 666 4517 bono
680 4462 701 4513 a
716 4442 803 4517 Deo
822 4440 1022 4520 institutum
1042 4450 1171 4546 magno
1190 4440 1409 4522 disienlionis
1430 4438 1596 4521 scandalo
1612 4452 1757 4537 peruet-
1823 4502 1827 4511 ,

314 4562 483 4636 terenon
499 4538 749 4620 attentalientl
821 4540 828 4551 '
1185 4558 1191 4571 ¹
1867 4568 1868 4583 l

1625 4822 1738 4937 sa„
1837 4812 1868 4857 l

203 4940 209 4949 -
317 4924 985 4970 ..ι-ηη-Ἣ

151 4988 163 5020 ⁸
264 5001 293 5063 “,
360 4994 794 5085 ,’)Οοιιωι(1.1.α.ε.η.
860 5054 865 5058 .
