3942 6134
100 1214 102 1251 l

770 1106 1104 1151 m
1447 1108 1459 1125 *
1534 1105 1679 1187 22⁴1,

206 1270 252 1363 ha
275 1262 340 1363 *):
365 1248 553 1359 ,lterum
576 1264 780 1353 iterumque
798 1260 1049 1335 inculcandum
1066 1256 1155 1334 iliud
1172 1256 1244 1351 eli,
1269 1256 1530 1357 Episcopotum
1547 1264 1658 1359 impe

204 1368 321 1461 „tium
346 1366 449 1459 super
471 1368 588 1453 alios,
627 1360 887 1455 Apostolorum
912 1382 1013 1452 aeque
1034 1358 1283 1445 Successores,
1322 1360 1496 1455 proficisci
1515 1366 1559 1435 ab
1581 1366 1657 1459 ejus

203 1466 477 1567 ,praerogative
500 1462 724 1553 imitationes,
757 1460 789 1535 dt
808 1458 1055 1555 expreffiune,
1085 1483 1152 1554 que
1172 1458 1330 1538 Christus
1345 1451 1488 1534 Petrum
1512 1464 1657 1539 decora-

202 1568 311 1665 „uit5
336 1567 537 1657 extulitque
556 1563 658 1653 supra
677 1563 766 1635 elios
781 1559 1025 1653 Apostoloe.“
1077 1558 1187 1633 Unde
1208 1561 1340 1632 merito
1359 1562 1529 1655 colligas,
1555 1584 1655 1637 num·

100 1706 102 1733 ,
202 1684 315 1755 quam
335 1662 495 1739 futurum
516 1660 640 1749 suilse,
679 1676 721 1733 ut
740 1658 1010 1753 Archiepiscopi
1030 1648 1353 1747 constituerentur,
1389 1658 1411 1731 [ι
1432 1678 1523 1731 unus
1545 1663 1658 1735 totius

100 1750 102 1809 l
199 1760 371 1837 Ecclesrae
400 1760 529 1836 Primus
563 1758 752 1835 suffecisset
780 1758 823 1833 ed
852 1761 973 1831 omnia
1006 1779 1071 1850 per
1099 1756 1244 1851 seipsum
1271 1760 1448 1831 immediate
1474 1760 1512 1830 in
1538 1756 1654 1833 diffitis

100 1918 102 1927 ‚
201 1863 298 1941 odeo
318 1862 527 1957 regionibus
544 1858 793 1936 ordinandum.
847 1854 945 1929 Hinc
965 1858 1025 1929 vel
1049 1855 1118 1949 ipsa
1136 1878 1254 1930 rerum
1276 1859 1425 1929 naturali
1442 1856 1656 1933 conditione

199 1962 245 2043 fic
265 1960 435 2060 exigente
454 1956 596 2053 fanum,
622 1974 662 2031 ut
679 1958 886 2033 universalis
903 1957 998 2029 illius
1014 1956 1173 2049 potelius
1187 1958 1405 2051 originaliter
1421 1977 1465 2030 ex
1484 1978 1559 2029 tuno
1579 1956 1657 2031 fon-

199 2074 236 2143 te
255 2058 430 2147 ,defluens
455 2062 596 2153 (verba
617 2058 697 2133 sunt
719 2056 757 2134 S.
771 2055 967 2151 Cypriani)
994 2059 1030 2127 in
1056 2056 1179 2145 plures
1200 2057 1316 2128 ueluti
1337 2057 1437 2127 rivos
1459 2056 1656 2148 dispartire·

199 2174 281 2249 tur,
308 2158 404 2233 salua
424 2158 562 2253 semper
583 2178 694 2253 penes
723 2178 835 2229 unum
857 2159 971 2249 tutius
993 2152 1181 2227 Putestatis
1205 2154 1452 2247 plenitudine,
1478 2158 1529 2230 uti
1550 2160 1658 2228 mani
1765 2197 1770 2208 κ
1872 2199 1873 2208 i

196 2256 290 2332 selle
321 2276 432 2332 exeo
461 2256 650 2349 elucescit,
689 2255 793 2349 quod
811 2256 890 2347 jure
920 2252 1115 2327 eleiilones
1146 2252 1381 2329 confirmandi
1412 2277 1476 2353 per
1501 2258 1653 2329 concilii

115 2432 124 2455 ,
199 2354 345 2431 Nicaeni
366 2355 513 2431 decreta
527 2358 565 2429 in
582 2356 895 2448 Metropolitanus
919 2356 1114 2440 translato,
1140 2354 1373 2427 nihilominus
1392 2354 1452 2425 ubi
1474 2354 1653 2449 singularis

198 2460 296 2529 ratio
311 2450 349 2527 id
368 2454 588 2549 postulabat,
624 2476 700 2529 uon
719 2476 800 2527 reru
815 2454 937 2527 summi
957 2448 1151 2526 Pontifices
1171 2476 1240 2546 pro
1255 2451 1313 2525 sua
1330 2451 1508 2547 suprema,
1543 2454 1656 2527 &illi-

199 2563 328 2629 mitata
351 2552 596 2647 jurisdiilione
621 2552 752 2629 caussas
781 2551 1283 2645 electionumepiscopatium
1311 2574 1355 2624 ex
1375 2550 1527 2625 Oriente
1551 2553 1594 2625 ad
1622 2553 1657 2626 se

198 2668 403 2743 uocarunt,
441 2654 725 2747 erectosque-,sua
747 2651 920 2726 sententia
946 2666 1009 2723 aut
1029 2648 1310 2742 confirmarunt,
1351 2667 1413 2725 aut
1432 2652 1679 2745 rejeceruutt'

170 2748 312 2849 ‘plene
336 2750 387 2829 est
406 2752 503 2829 hisce
524 2756 696 2850 exemplis
718 2770 824 2827 vetus
847 2749 1001 2827 historia.
1130 2790 1135 2797 -

868 2929 905 3043 §.
937 2950 1008 3021 20.

355 3072 502 3149 Deinde
521 3094 612 3147 cave
633 3074 700 3153 tibi
711 3124 724 3161 ,
759 3094 807 3147 ne
828 3094 930 3147 more
950 3071 1208 3147 hodiernorum
1226 3066 1497 3149 Canonillarutn
1516 3070 1565 3146 sat
1580 3076 1658 3150 vul·

195 3170 279 3269 geri
300 3168 489 3266 decipiaris
509 3171 653 3245 decreta
672 3175 901 3261 antiquorum
920 3172 1166 3244 Conciliurum
1189 3190 1255 3263 pro
1278 3169 1560 3247 confirmationis
1577 3176 1658 3264 jure

197 3272 249 3344 de
278 3273 563 3359 quibuscumque
586 3270 880 3361 Metropolitauis
897 3272 1067 3366 promiscue
1088 3270 1345 3365 intelligendo:
1384 3270 1535 3363 duplicia
1562 3275 1661 3347 euim

199 3370 347 3465 genens
363 3368 457 3439 inde.
470 3371 515 3439 eb
537 3370 641 3441 initio
661 3368 938 3461 Metropolitani
956 3368 1118 3455 suerent,
1153 3370 1189 3441 id
1205 3369 1303 3461 quud
1321 3367 1483 3443 discimus
1502 3392 1546 3442 ex
1564 3371 1661 3445 testi·

199 3467 338 3542 moniis
354 3464 614 3559 &Hieronymi
638 3470 724 3557 es),
751 3466 1030 3542 &innocentiil
1053 3472 1148 3559 m).
1194 3470 1269 3541 Alii
1289 3481 1424 3542 tantum
1444 3472 1557 3543 unice
1577 3470 1659 3547 Pro·

200 3573 341 3653 uncio,
368 3567 424 3640 elii
442 3568 587 3661 integre
605 3567 759 3659 Dioecefi,
797 3582 838 3641 ut
860 3568 1068 3653 dicebatur,
1089 3567 1166 3639 huc
1185 3567 1256 3654 est,
1283 3569 1443 3660 pluribus
1461 3568 1559 3642 simul
1577 3567 1670 3643 Pru.

201 3666 338 3755 ‚vinciis
355 3679 548 3756 preerant,
582 3665 834 3759 habebantque
853 3667 965 3741 subse
984 3668 1315 3759 Metropolitanus,
1350 3688 1500 3757 quorum
1523 3669 1659 3745 intuitu

205 3766 316 3837 etiarn
336 3758 564 3853 Patriarchae,
598 3764 657 3839 seu
673 3766 824 3845 Exarchi
835 3820 847 3854 ,
880 3766 939 3841 seu
956 3765 1123 3840 Primates
1141 3773 1376 3840 vocabantur.
1428 3766 1538 3841 Hisce
1556 3772 1669 3863 primi.

203 3861 343 3935 ordinis
360 3860 684 3951 Metropolitanis,
716 3886 791 3940 nun
811 3888 913 3954 aeque
935 3870 1010 3938 aliis
1025 3864 1169 3939 secundi
1188 3868 1325 3938 ordinis
1343 3864 1507 3941 Concilio
1524 3870 1582 3958 jus
1600 3873 1659 3943 tri·

202 3964 320 4037 buere
335 3960 536 4037 iufesiores
550 3960 748 4052 Episcopus
769 3963 1025 4052 confirmandi,
1058 3982 1169 4055 prout
1190 3963 1350 4056 expresse
1368 3968 1522 4040 concilii
1541 3959 1666 4039 Mete-2

205 4062 242 4135 ni
274 4061 552 4152 explicationem
581 4065 625 4133 ab
649 4059 864 4134 lnnocentio
882 4062 918 4139 P.
945 4064 1143 4154 habemus,
1183 4071 1241 4155 qui
1268 4064 1499 4157 patriercham
1525 4067 1660 4140 Antiu-
1773 4140 1776 4143 .

207 4160 365 4261 ebenum
389 4160 592 4263 admone&
626 4175 668 4232 ut
690 4148 1000 4255 Metropolitanus
1027 4163 1249 4258 (minores)
1272 4162 1344 4259 ipse
1369 4167 1534 4250 ordinet,
1578 4164 1660 4238 reli·

208 4278 301 4348 quus
322 4258 383 4331 uui
410 4258 583 4350 subjectos
602 4257 823 4353 Episcopus,
859 4278 1052 4357 autequam
1068 4262 1305 4354 ordinentur,
1331 4268 1393 4360 satu
1407 4258 1554 4359 peraniffo
1573 4283 1674 4348 eun„

205 4354 338 4431 firmet.
390 4355 448 4431 En
463 4360 591 4430 verba:
616 4360 901 4451 „Revolventes
919 4364 1039 4453 itaque
1055 4361 1324 4437 Authuritatem
1340 4361 1658 4461 Nicaeuesynodi,

205 4476 315 4547 „que
338 4476 409 4528 una
434 4458 593 4531 omnium
618 4480 681 4553 per
709 4466 833 4533 orbem
859 4478 1029 4533 terrarum
1054 4466 1212 4552 explicat
1231 4477 1386 4538 mentem
1409 4461 1662 4559 secerdotum,

211 4552 1251 4651 ,quocensuitdeAntiocheneEcclesracunslisfidelibus,
1273 4560 1661 4639 nediserimSacetdo·

204 4654 357 4743 „tibus,
383 4652 452 4727 else
467 4652 696 4737 necessarium
716 4660 916 4833 custudire?
943 4684 1011 4753 qua
1029 4658 1131 4755 super
1148 4660 1302 4753 Dietefin
1317 4656 1436 4751 suam,
1460 4680 1537 4736 non
1558 4666 1661 4758 super

931 4760 950 4835 f
968 4778 994 4841 2
1127 4803 1142 4849 f
1528 4766 1617 4853 „dsi-

172 4954 194 4985 ,
291 4914 330 4995 *)
348 4912 417 4975 Vct.
433 4912 464 4975 dt
480 4932 541 4975 nou
569 4916 678 4977 Eccles.
696 4918 808 4993 discipl.
826 4922 915 4983 Turn.
927 4938 965 4994 α,
986 4922 1021 4984 C.
1035 4936 1074 4999 8,
1095 4922 1124 5006 ς.
1134 4936 1166 4998 7.
1257 4940 1267 4949 ·
1286 4922 1335 5007 ”3
1357 4920 1405 4985 tid
1420 4920 1555 5019 semeth,

258 4996 327 5083 w)
347 4996 396 5061 Ad
409 5000 556 5066 Maeui·
570 5002 748 5070 Antiochen.
763 5002 922 5072 eoriarcu.
938 5008 1080 5085 epist-18·
