3942 6134
280 1085 356 1176 340
617 1159 623 1174 .
783 1069 1115 1142 -ufflfi
1145 1124 1155 1138 ,

230 1247 269 1328 'at
295 1236 391 1334 'seru
409 1201 514 1336 nimis
545 1247 858 1363 pretendunauii'
878 1256 915 1333 si
943 1253 1010 1332 soli
1028 1250 1201 1399 Romani
1219 1253 1441 1358 vigilamnta
1474 1257 1680 1379 cigrimrllu

101 1357 107 1376 '
231 1359 334 1450 jura!

502 1453 570 1508 0'-
724 1443 743 1458 “
1236 1490 1240 1494 -
1364 1497 1370 1504 .
1669 1461 1678 1510 l

384 1679 495 1786 Quod
512 1677 713 1780 Balileeniia
730 1677 868 1773 synodi
890 1535 1034 1754 {ecr3e3ti
1055 1681 1140 1756 irinc
1160 1679 1244 1758 inde
1265 1682 1302 1754 in
1321 1679 1603 1774 provincialibus
1619 1648 1680 1770 syss

238 1778 363 1870 nodis,
395 1795 438 1852 ut
455 1781 654 1874 Mogontia:
671 1802 699 1852 a.
714 1801 829 1870 1451,
864 1779 896 1852 dt
914 1781 1140 1894 Wirzepurgi
1157 1797 1294 1870 a.1452
1314 1779 1448 1854 fuerint
1466 1797 1682 1854 commemo·

236 1895 334 1966 rata,
359 1879 449 1954 iliud
467 1878 566 1972 supra
585 1881 729 1973 excitati
747 1879 822 1952 duo
839 1877 1055 1972 Scriptores,
1082 1875 1183 1972 Papae
1203 1879 1351 1967 inimici,
1378 1899 1469 1952 unus
1489 1875 1687 1950 Protestan·

113 2053 121 2064 ,
239 1979 351 2066 ticua,
378 1979 519 2050 &alter
534 1981 726 2054 neotericis
746 1966 926 2072 principiis
948 1977 1213 2069 supramodum
1232 1980 1413 2065 imbutus,
1440 1977 1631 2068 Spittlerua
1653 1973 1686 2046 dt
1731 1989 1737 1999 ·

239 2071 425 2170 Gregeliua
447 2075 551 2171 facile
569 2098 643 2150 non
665 2083 794 2172 magia,
830 2093 935 2167 quam
956 2074 1068 2150 solide
1086 2074 1301 2149 dissolvunt:
1338 2076 1408 2147 illis
1428 2077 1523 2149 enim
1540 2080 1581 2146 in'
1594 2072 1690 2144 Con·

173 2165 178 2180 ’
239 2179 410 2249 ventibus
430 2179 694 2272 nonagebatut
715 2177 760 2248 de
781 2169 963 2270 disciplina
984 2173 1223 2264 hierarchica,
1261 2171 1320 2266 seu
1339 2174 1489 2244 relativa
1510 2169 1554 2245 ad
1574 2189 1684 2266 roma·

58 2265 64 2274 ’
199 2295 204 2303 “
240 2273 278 2348 ni
303 2271 487 2348 Pontificio
507 2271 608 2368 jura,
646 2273 704 2348 sed
731 2273 843 2348 solum
869 2275 914 2348 de
939 2274 1133 2349 domestica
1155 2272 1203 2349 sui
1221 2271 1318 2346 Cleri
1341 2269 1543 2363 disciplina,
1581 2289 1687 2359 quana

243 2393 345 2465 aequo
366 2395 410 2446 ex
431 2374 464 2448 se
487 2373 587 2468 ipsts,
628 2396 670 2447 ac
688 2371 941 2450 Bafileensrbus
965 2396 1012 2448 ex
1031 2371 1169 2449 statutis
1189 2373 1355 2446 ordinare
1376 2368 1540 2444 Praesules
1560 2383 1690 2458 potue·

209 2537 216 2560 ,
241 2487 338 2545 runt.
391 2469 437 2544 Et
456 2469 534 2544 sane
550 2469 691 2559 nescio,
727 2475 778 2546 'an
802 2477 860 2547 vel
878 2473 995 2548 isthaec
1011 2471 1256 2584 pascieenstum
1274 2471 1419 2543 decreta
1435 2471 1472 2542 iu
1490 2466 1590 2540 diilia
1610 2467 1689 2540 dua·

243 2572 310 2644 bus
329 2569 545 2640 Dioeeestbus
564 2574 713 2662 amplius
730 2574 890 2644 valorem
905 2577 1078 2666 proditum
1095 2573 1259 2644 habeant.
1315 2567 1510 2640 Duumuiri
1531 2566 1581 2637 illi
1600 2567 1689 2656 pari·
1793 2599 1797 2604 ·
1919 2636 1921 2673 Ι

244 2681 301 2740 ter
315 2669 351 2737 in
369 2665 435 2737 suis
453 2663 608 2751 scriptis,
635 2685 734 2756 que,
762 2666 845 2740 vide
863 2672 920 2758 §§.
935 2689 1002 2758 10,
1028 2668 1061 2738 dt
1079 2687 1147 2759 17,
1176 2667 1430 2756 ostenderunt,
1455 2661 1691 2757 MayeriMu·

227 2765 376 2860 ,guntiae
398 2760 607 2836 Cancellarii
633 2783 825 2860 gravamen
853 2768 897 2838 de
918 2787 948 2838 a.
964 2782 1057 2858 1457
1080 2763 1151 2838 esse
1176 2767 1431 2858 impertinens,
1469 2776 1577 2856 atque
1600 2763 1687 2855 inju·

102 2926 108 2939 .
244 2859 347 2936 lium.
397 2861 517 2964 Quid,
552 2861 649 2952 quod
664 2858 771 2936 iidem
785 2865 939 2958 pusitiue
953 2866 998 2936 ab
1011 2867 1184 2958 exemplis
1196 2858 1504 2952 demonstrarunt,
1530 2859 1691 2952 Majorea

123 3043 127 3050 ,
245 2959 387 3060 nostros
402 2982 468 3055 per
485 2959 530 3034 lic
546 2959 636 3036 aloa
656 2963 842 3057 Principum
858 2965 1048 3036 concordata
1066 2961 1173 3036 solam
1190 2959 1402 3038 intellexisse
1422 2959 1693 3035 Asehaffenbur·

272 3063 361 3136 icam
387 3056 672 3154 pacificationem
704 3083 751 3138 ne
775 3060 968 3157 cogitando
995 3060 1137 3154 quidem
1164 3061 1209 3134 da
1231 3058 1483 3135 llafileensabur
1509 3059 1692 3134 decretis?

290 3162 372 3232 uico
390 3159 527 3246 adhuc,
553 3159 650 3252 quod
668 3158 711 3234 ad
728 3161 909 3236 hominem
929 3173 1087 3248 vocant,
1113 3175 1323 3256 argumento
1341 3175 1440 3232 utar:
1472 3157 1536 3231 l’er
1552 3158 1694 3233 ordina·

127 3291 130 3298 ·
249 3260 387 3332 tionem
412 3260 515 3338 aulici
535 3255 681 3334 Consilii
699 3261 889 3352 imperialis
914 3257 960 3332 de
982 3279 1014 3332 a.
1036 3279 1130 3355 1559
1144 3262 1318 3354 jubentur
1337 3255 1694 3334 cormanacum

247 3365 433 3454 germanice
448 3354 584 3447 semper
601 3350 753 3448 re'pofita
768 3359 898 3448 servari
915 3362 953 3432 in
973 3355 1118 3436 Consilii
1138 3361 1244 3433 aulici
1266 3361 1409 3444 tabula,
1433 3371 1536 3428 uteo
1553 3356 1697 3432 facilior

251 3458 288 3528 in
306 3455 421 3554 duplis
439 3455 572 3528 casibus
589 3456 710 3547 inspici
731 3455 869 3550 poffint.
927 3460 1063 3557 Quaero
1083 3479 1128 3530 ex
1150 3458 1229 3550 ipsu
1250 3457 1334 3532 DD.
1354 3453 1568 3528 Conliiiariia
1585 3457 1698 3532 Vien-

169 3554 173 3564 ’
250 3571 306 3625 nae
327 3553 587 3640 imperialibus,
625 3573 668 3626 an
691 3575 803 3646 usque
827 3551 1112 3650 adpauciffimos
1138 3557 1268 3628 abhinc
1288 3572 1403 3630 annos
1427 3567 1557 3647 praeter
1578 3555 1695 3633 solum

251 3647 619 3746 Aschaffenburgense
647 3651 916 3728 instrumentum
947 3654 1052 3725 etiam
1082 3651 1318 3928 Alberzmm·
1339 3650 1435 3724 iliam
1464 3651 1697 3734 decretorum

121 3841 124 3848 Ι
253 3750 540 3842 acceptationem
560 3750 594 3822 in
613 3751 731 3826 tabula
747 3753 935 3846 repositam
952 3749 1166 3824 habuerint?
1240 3773 1319 3824 uam
1343 3749 1695 3846 dabunttespousto·

254 3865 350 3970 nem,
376 3845 452 3924 haee
469 3843 630 3942 sufficiat,
656 3866 695 3928 ut
718 3854 776 3924 vel
798 3871 867 3952 ego
887 3847 981 3954 ipis,
1008 3849 1155 3952 eclipsi
1177 3851 1227 3928 tui
1254 3855 1261 3866 ’
1284 3847 1394 3926 vitias
1409 3847 1507 3927 ‚deut
1529 3871 1667 3930 manue.

911 4057 1049 4178 ito
1114 4003 1135 4031 ⁹

254 4259 272 4270 .
401 4195 532 4276 Purum
551 4197 601 4274 eli
622 4203 729 4298 igitur
747 4215 1016 4292 commentum,
1043 4213 1106 4276 aut
1128 4201 1171 4276 ad
1189 4201 1361 4275 summum
1377 4201 1595 4276 undateralit
1612 4202 1695 4294 prae·

256 4295 392 4388 tensio,
418 4301 609 4392 nequidem
627 4300 797 4376 consensu
816 4302 977 4374 omnium
994 4295 1467 4395 Compactialium‘admiila,
1492 4301 1590 4390 quod
1607 4298 1693 4373 Ger·

256 4401 382 4471 maniae
397 4395 627 4474 Concordata
643 4403 779 4497 integra
799 4405 934 4494 a.1763
960 4421 1025 4494 per
1042 4399 1232 4485 Horixium
1257 4399 1390 4477 suerint
1407 4402 1580 4488 inventa,
1619 4419 1696 4493 par·

257 4506 403 4586 temque
422 4497 565 4572 illorum
588 4503 798 4592 precipuam
819 4499 959 4572 Basileae
981 4497 1126 4572 decreta
1145 4497 1374 4574 constituant.
1428 4499 1541 4595 Quod
1561 4513 1695 4586 tamen,
1792 4489 1803 4514 ’
1920 4461 1922 4512 ³

192 4603 197 4612 '
256 4591 349 4666 liita
369 4586 454 4666 esset
468 4617 550 4669 non·
566 4597 756 4690 concello,
793 4611 930 4674 tantum
950 4596 1137 4704 permdioa
1174 4597 1412 4673 ne'iiantibua
1433 4599 1576 4690 quidem
1598 4599 1697 4670 hisce

258 4691 411 4765 decretis
432 4713 495 4784 per
516 4691 717 4772 Germanos
738 4700 915 4791 acceptis,
939 4695 1092 4772 summus
1112 4693 1279 4794 Pontifex
1300 4698 1489 4792 quidquam
1512 4693 1697 4792 perderet:

255 4794 448 4896 nonenim
473 4793 534 4868 nist
563 4805 653 4870 uana
676 4795 756 4872 sunt
779 4798 855 4870 hee
881 4797 1194 4885 terriculamenta,
1233 4793 1277 4868 ad
1299 4793 1526 4888 formidinem
1548 4791 1696 4868 infirmia

165 4939 170 4944 -
257 4890 381 4964 animis
396 4890 659 4990 incutiendam,
685 4899 862 4996 &uagom
881 4899 1035 4990 aliquam
1053 4897 1308 5004 authoritatem
1326 4894 1395 4972 suia
1412 4897 1597 4971 attentatis
1613 4913 1698 4988 pre·

672 5015 683 5038 ·
1123 5013 1126 5016 ’
1315 5009 1321 5020 ·
1518 5008 1649 5068 texen-

483 5219 493 5258 s
