<?xml version="1.0" encoding="UTF-8"?>
<!DOCTYPE html PUBLIC "-//W3C//DTD XHTML 1.0 Transitional//EN"
    "http://www.w3.org/TR/xhtml1/DTD/xhtml1-transitional.dtd">
<html xmlns="http://www.w3.org/1999/xhtml" xml:lang="en" lang="en">
 <head>
  <title>
</title>
<meta http-equiv="Content-Type" content="text/html;charset=utf-8" />
  <meta name='ocr-system' content='tesseract 3.04.00' />
  <meta name='ocr-capabilities' content='ocr_page ocr_carea ocr_par ocr_line ocrx_word'/>
</head>
<body>
  <div class='ocr_page' id='page_1' title='image "./quisestpetrusse00frgoog_0289.png"; bbox 0 0 3942 6134; ppageno 0'>
   <div class='ocr_carea' id='block_1_1' title="bbox 784 1054 1759 1156">
    <p class='ocr_par' dir='ltr' id='par_1_1' title="bbox 784 1053 1759 1156">
     <span class='ocr_line' id='line_1_1' title="bbox 784 1054 1759 1156; baseline -0.006 0"><span class='ocrx_word' id='word_1_1' title='bbox 784 1054 1120 1118; x_wconf 78' lang='lat'><em>&#39;·=·······</em></span> <span class='ocrx_word' id='word_1_2' title='bbox 1552 1067 1759 1156; x_wconf 79' lang='lat' dir='ltr'><strong>arr·</strong></span> 
     </span>
    </p>
   </div>
   <div class='ocr_carea' id='block_1_2' title="bbox 208 1205 1789 1436">
    <p class='ocr_par' dir='ltr' id='par_1_2' title="bbox 208 1205 1789 1436">
     <span class='ocr_line' id='line_1_2' title="bbox 218 1205 1789 1340; baseline -0.002 -21"><span class='ocrx_word' id='word_1_3' title='bbox 218 1233 557 1340; x_wconf 46' lang='grc' dir='ltr'><strong>»ορροωῑφςυοιὶ</strong></span> <span class='ocrx_word' id='word_1_4' title='bbox 569 1228 679 1330; x_wconf 79' lang='lat' dir='ltr'><strong>ipsam</strong></span> <span class='ocrx_word' id='word_1_5' title='bbox 703 1227 950 1328; x_wconf 79' lang='lat' dir='ltr'><strong>pontificiam,</strong></span> <span class='ocrx_word' id='word_1_6' title='bbox 972 1239 1144 1324; x_wconf 81' lang='lat' dir='ltr'>certeque</span> <span class='ocrx_word' id='word_1_7' title='bbox 1164 1224 1321 1306; x_wconf 89' lang='lat' dir='ltr'><strong>diuinam</strong></span> <span class='ocrx_word' id='word_1_8' title='bbox 1342 1227 1602 1318; x_wconf 75' lang='lat' dir='ltr'><strong>institutionem</strong></span> <span class='ocrx_word' id='word_1_9' title='bbox 1623 1237 1676 1318; x_wconf 84' lang='lat' dir='ltr'><strong>se·</strong></span> <span class='ocrx_word' id='word_1_10' title='bbox 1782 1205 1789 1214; x_wconf 44' lang='grc'><strong><em>’</em></strong></span> 
     </span>
     <span class='ocr_line' id='line_1_3' title="bbox 208 1327 1678 1436; baseline 0 -19"><span class='ocrx_word' id='word_1_11' title='bbox 208 1347 337 1436; x_wconf 49' lang='grc' dir='ltr'><strong>«ᾖήεις</strong></span> <span class='ocrx_word' id='word_1_12' title='bbox 368 1359 448 1418; x_wconf 90' lang='lat' dir='ltr'><strong>non</strong></span> <span class='ocrx_word' id='word_1_13' title='bbox 462 1337 579 1416; x_wconf 84' lang='lat' dir='ltr'><strong>solen</strong></span> <span class='ocrx_word' id='word_1_14' title='bbox 592 1329 682 1411; x_wconf 85' lang='lat' dir='ltr'><strong>nihil</strong></span> <span class='ocrx_word' id='word_1_15' title='bbox 697 1331 928 1429; x_wconf 84' lang='lat' dir='ltr'><strong>peccaverit,</strong></span> <span class='ocrx_word' id='word_1_16' title='bbox 958 1349 1087 1410; x_wconf 85' lang='lat' dir='ltr'><strong>verum</strong></span> <span class='ocrx_word' id='word_1_17' title='bbox 1103 1329 1211 1412; x_wconf 83' lang='lat' dir='ltr'><strong>etiarn</strong></span> <span class='ocrx_word' id='word_1_18' title='bbox 1226 1327 1364 1426; x_wconf 72' lang='lat' dir='ltr'><strong>sande,</strong></span> <span class='ocrx_word' id='word_1_19' title='bbox 1395 1335 1678 1422; x_wconf 75' lang='lat' dir='ltr'>&amp;laudabiliter</span> 
     </span>
    </p>
   </div>
   <div class='ocr_carea' id='block_1_3' title="bbox 897 1523 1007 1644">
    <p class='ocr_par' dir='ltr' id='par_1_3' title="bbox 897 1523 1007 1644">
     <span class='ocr_line' id='line_1_4' title="bbox 897 1523 1007 1644; baseline -0.055 0"><span class='ocrx_word' id='word_1_20' title='bbox 897 1523 1007 1644; x_wconf 70' lang='lat' dir='ltr'><strong>is·</strong></span> 
     </span>
    </p>
   </div>
   <div class='ocr_carea' id='block_1_4' title="bbox 218 1663 1870 2072">
    <p class='ocr_par' dir='ltr' id='par_1_4' title="bbox 218 1663 1870 2072">
     <span class='ocr_line' id='line_1_5' title="bbox 359 1663 1670 1773; baseline 0.006 -28"><span class='ocrx_word' id='word_1_21' title='bbox 359 1677 484 1773; x_wconf 70' lang='lat' dir='ltr'><strong>Atque</strong></span> <span class='ocrx_word' id='word_1_22' title='bbox 500 1674 573 1749; x_wconf 91' lang='lat' dir='ltr'><strong>hoc</strong></span> <span class='ocrx_word' id='word_1_23' title='bbox 592 1671 782 1750; x_wconf 82' lang='lat' dir='ltr'><strong>catholice</strong></span> <span class='ocrx_word' id='word_1_24' title='bbox 798 1663 884 1742; x_wconf 83' lang='lat' dir='ltr'><strong>fidei</strong></span> <span class='ocrx_word' id='word_1_25' title='bbox 903 1667 1035 1766; x_wconf 81' lang='lat' dir='ltr'><strong>dogma</strong></span> <span class='ocrx_word' id='word_1_26' title='bbox 1052 1665 1189 1760; x_wconf 77' lang='lat' dir='ltr'><strong>dejure</strong></span> <span class='ocrx_word' id='word_1_27' title='bbox 1207 1671 1489 1766; x_wconf 74' lang='lat' dir='ltr'><strong>appellationum</strong></span> <span class='ocrx_word' id='word_1_28' title='bbox 1506 1675 1670 1768; x_wconf 73' lang='lat' dir='ltr'><strong>piurimis</strong></span> 
     </span>
     <span class='ocr_line' id='line_1_6' title="bbox 218 1767 1821 1868; baseline 0.012 -30"><span class='ocrx_word' id='word_1_29' title='bbox 218 1776 463 1860; x_wconf 71' lang='lat' dir='ltr'><strong>pontificum,</strong></span> <span class='ocrx_word' id='word_1_30' title='bbox 502 1773 641 1850; x_wconf 79' lang='lat' dir='ltr'><strong>llidoro</strong></span> <span class='ocrx_word' id='word_1_31' title='bbox 661 1768 873 1847; x_wconf 83' lang='lat' dir='ltr'><strong>Mercatore</strong></span> <span class='ocrx_word' id='word_1_32' title='bbox 894 1769 1013 1847; x_wconf 88' lang='lat' dir='ltr'><strong>multo</strong></span> <span class='ocrx_word' id='word_1_33' title='bbox 1032 1769 1273 1860; x_wconf 73' lang='lat' dir='ltr'><strong>antiquiorum</strong></span> <span class='ocrx_word' id='word_1_34' title='bbox 1294 1767 1506 1846; x_wconf 82' lang='lat' dir='ltr'><strong>testimoniis</strong></span> <span class='ocrx_word' id='word_1_35' title='bbox 1525 1773 1674 1853; x_wconf 82' lang='lat' dir='ltr'><strong>constat.</strong></span> <span class='ocrx_word' id='word_1_36' title='bbox 1711 1854 1716 1860; x_wconf 82' lang='lat'>.</span> <span class='ocrx_word' id='word_1_37' title='bbox 1814 1848 1821 1868; x_wconf 35' lang='lat' dir='ltr'><em>f</em></span> 
     </span>
     <span class='ocr_line' id='line_1_7' title="bbox 220 1863 1870 1975; baseline 0.012 -34"><span class='ocrx_word' id='word_1_38' title='bbox 220 1879 377 1956; x_wconf 75' lang='lat' dir='ltr'><strong>Maximi</strong></span> <span class='ocrx_word' id='word_1_39' title='bbox 396 1874 565 1975; x_wconf 77' lang='lat' dir='ltr'><strong>ponderis</strong></span> <span class='ocrx_word' id='word_1_40' title='bbox 583 1872 673 1948; x_wconf 92' lang='lat' dir='ltr'><strong>illud</strong></span> <span class='ocrx_word' id='word_1_41' title='bbox 695 1868 747 1944; x_wconf 80' lang='lat' dir='ltr'><strong>cst</strong></span> <span class='ocrx_word' id='word_1_42' title='bbox 765 1867 850 1965; x_wconf 90' lang='lat' dir='ltr'><strong>Julli</strong></span> <span class='ocrx_word' id='word_1_43' title='bbox 863 1865 901 1958; x_wconf 95' lang='lat' dir='ltr'><strong>l,</strong></span> <span class='ocrx_word' id='word_1_44' title='bbox 933 1863 1032 1958; x_wconf 79' lang='lat' dir='ltr'><strong>quod</strong></span> <span class='ocrx_word' id='word_1_45' title='bbox 1053 1865 1098 1941; x_wconf 86' lang='lat' dir='ltr'><strong>rd</strong></span> <span class='ocrx_word' id='word_1_46' title='bbox 1116 1865 1315 1962; x_wconf 70' lang='lat' dir='ltr'><strong>Episcopus</strong></span> <span class='ocrx_word' id='word_1_47' title='bbox 1336 1871 1558 1948; x_wconf 80' lang='lat' dir='ltr'><strong>Antiochum</strong></span> <span class='ocrx_word' id='word_1_48' title='bbox 1578 1871 1676 1952; x_wconf 86' lang='lat' dir='ltr'><strong>Con·</strong></span> <span class='ocrx_word' id='word_1_49' title='bbox 1869 1911 1870 1922; x_wconf 48' lang='lat'>¹</span> 
     </span>
     <span class='ocr_line' id='line_1_8' title="bbox 219 1963 1870 2072; baseline 0.015 -26"><span class='ocrx_word' id='word_1_50' title='bbox 219 1963 1115 2072; x_wconf 61' lang='lat' dir='ltr'><strong>erare.342anoeipsumsamrcenseperfeetum).</strong></span> <span class='ocrx_word' id='word_1_51' title='bbox 1140 1963 1232 2040; x_wconf 79' lang='lat' dir='ltr'><strong>eum</strong></span> <span class='ocrx_word' id='word_1_52' title='bbox 1245 1967 1716 2063; x_wconf 71' lang='lat' dir='ltr'><strong>enimlimerimcsette,</strong></span> <span class='ocrx_word' id='word_1_53' title='bbox 1803 1993 1819 2000; x_wconf 82' lang='grc'><strong>’</strong></span> <span class='ocrx_word' id='word_1_54' title='bbox 1869 2051 1870 2070; x_wconf 31' lang='lat' dir='ltr'><strong>r</strong></span> 
     </span>
    </p>
   </div>
   <div class='ocr_carea' id='block_1_5' title="bbox 104 1441 400 1553">
    <p class='ocr_par' dir='ltr' id='par_1_5' title="bbox 104 1441 400 1553">
     <span class='ocr_line' id='line_1_9' title="bbox 104 1441 400 1553; baseline -0.003 -36"><span class='ocrx_word' id='word_1_55' title='bbox 104 1510 105 1553; x_wconf 22' lang='grc' dir='ltr'>ᾗ</span> <span class='ocrx_word' id='word_1_56' title='bbox 218 1441 400 1538; x_wconf 82' lang='lat' dir='ltr'><strong>„saciet“</strong></span> 
     </span>
    </p>
   </div>
   <div class='ocr_carea' id='block_1_6' title="bbox 110 2063 1852 5066">
    <p class='ocr_par' dir='ltr' id='par_1_6' title="bbox 110 2063 1852 5066">
     <span class='ocr_line' id='line_1_10' title="bbox 219 2063 1677 2172; baseline 0.001 -20"><span class='ocrx_word' id='word_1_57' title='bbox 219 2074 391 2172; x_wconf 88' lang='lat' dir='ltr'><strong>Episcopi</strong></span> <span class='ocrx_word' id='word_1_58' title='bbox 400 2079 436 2151; x_wconf 81' lang='lat'><strong>8.</strong></span> <span class='ocrx_word' id='word_1_59' title='bbox 446 2067 678 2149; x_wconf 81' lang='lat' dir='ltr'><strong>Athanefiurn</strong></span> <span class='ocrx_word' id='word_1_60' title='bbox 687 2065 777 2162; x_wconf 82' lang='lat' dir='ltr'><strong>Tyri</strong></span> <span class='ocrx_word' id='word_1_61' title='bbox 788 2063 1040 2161; x_wconf 78' lang='lat' dir='ltr'><strong>deposuissent,</strong></span> <span class='ocrx_word' id='word_1_62' title='bbox 1051 2065 1206 2162; x_wconf 79' lang='lat' dir='ltr'><strong>Legatos</strong></span> <span class='ocrx_word' id='word_1_63' title='bbox 1215 2065 1260 2141; x_wconf 92' lang='lat' dir='ltr'><strong>ad</strong></span> <span class='ocrx_word' id='word_1_64' title='bbox 1268 2068 1677 2154; x_wconf 88' lang='lat' dir='ltr'><strong>romanumPontilicem</strong></span> 
     </span>
     <span class='ocr_line' id='line_1_11' title="bbox 217 2162 1781 2272; baseline 0 -20"><span class='ocrx_word' id='word_1_65' title='bbox 217 2197 305 2252; x_wconf 87' lang='lat' dir='ltr'><strong>cum</strong></span> <span class='ocrx_word' id='word_1_66' title='bbox 323 2175 405 2272; x_wconf 83' lang='lat' dir='ltr'><strong>ipfie</strong></span> <span class='ocrx_word' id='word_1_67' title='bbox 425 2171 665 2251; x_wconf 78' lang='lat' dir='ltr'><strong>damnationis</strong></span> <span class='ocrx_word' id='word_1_68' title='bbox 686 2167 916 2241; x_wconf 85' lang='lat' dir='ltr'><strong>documentir</strong></span> <span class='ocrx_word' id='word_1_69' title='bbox 938 2163 1130 2256; x_wconf 86' lang='lat' dir='ltr'><strong>miserunt,</strong></span> <span class='ocrx_word' id='word_1_70' title='bbox 1172 2177 1214 2238; x_wconf 94' lang='lat' dir='ltr'><strong>ut</strong></span> <span class='ocrx_word' id='word_1_71' title='bbox 1236 2162 1304 2243; x_wconf 77' lang='lat' dir='ltr'><strong>suc</strong></span> <span class='ocrx_word' id='word_1_72' title='bbox 1326 2167 1462 2264; x_wconf 87' lang='lat' dir='ltr'><strong>Synodi</strong></span> <span class='ocrx_word' id='word_1_73' title='bbox 1488 2169 1678 2252; x_wconf 83' lang='lat' dir='ltr'><strong>confirma·</strong></span> <span class='ocrx_word' id='word_1_74' title='bbox 1776 2193 1781 2214; x_wconf 88' lang='grc'>’</span> 
     </span>
     <span class='ocr_line' id='line_1_12' title="bbox 216 2261 1843 2370; baseline 0 -20"><span class='ocrx_word' id='word_1_75' title='bbox 216 2279 361 2350; x_wconf 89' lang='lat' dir='ltr'><strong>tionem</strong></span> <span class='ocrx_word' id='word_1_76' title='bbox 381 2280 428 2350; x_wconf 86' lang='lat' dir='ltr'><strong>ab</strong></span> <span class='ocrx_word' id='word_1_77' title='bbox 449 2276 514 2348; x_wconf 91' lang='lat' dir='ltr'><strong>illo</strong></span> <span class='ocrx_word' id='word_1_78' title='bbox 534 2271 756 2344; x_wconf 83' lang='lat' dir='ltr'><strong>obtinerent.</strong></span> <span class='ocrx_word' id='word_1_79' title='bbox 807 2261 878 2339; x_wconf 88' lang='lat' dir='ltr'><strong>Pru</strong></span> <span class='ocrx_word' id='word_1_80' title='bbox 895 2261 1093 2340; x_wconf 81' lang='lat' dir='ltr'><strong>Athanafio</strong></span> <span class='ocrx_word' id='word_1_81' title='bbox 1112 2261 1341 2356; x_wconf 74' lang='lat' dir='ltr'><strong>Alexandria</strong></span> <span class='ocrx_word' id='word_1_82' title='bbox 1367 2273 1572 2368; x_wconf 85' lang='lat' dir='ltr'><strong>congregati</strong></span> <span class='ocrx_word' id='word_1_83' title='bbox 1596 2271 1679 2370; x_wconf 84' lang='lat' dir='ltr'><strong>Epi-</strong></span> <span class='ocrx_word' id='word_1_84' title='bbox 1742 2321 1745 2326; x_wconf 74' lang='lat'><em>,</em></span> <span class='ocrx_word' id='word_1_85' title='bbox 1836 2341 1843 2362; x_wconf 72' lang='lat'><em>„</em></span> 
     </span>
     <span class='ocr_line' id='line_1_13' title="bbox 216 2355 1753 2472; baseline -0.001 -22"><span class='ocrx_word' id='word_1_86' title='bbox 216 2355 385 2472; x_wconf 80' lang='lat' dir='ltr'><strong>scopi&#39;ad</strong></span> <span class='ocrx_word' id='word_1_87' title='bbox 406 2371 572 2448; x_wconf 87' lang='lat' dir='ltr'><strong>eumdem</strong></span> <span class='ocrx_word' id='word_1_88' title='bbox 590 2366 719 2462; x_wconf 85' lang='lat' dir='ltr'><strong>Papam</strong></span> <span class='ocrx_word' id='word_1_89' title='bbox 739 2367 878 2441; x_wconf 84' lang='lat' dir='ltr'><strong>litterar</strong></span> <span class='ocrx_word' id='word_1_90' title='bbox 901 2362 1092 2450; x_wconf 89' lang='lat' dir='ltr'><strong>dederunt.</strong></span> <span class='ocrx_word' id='word_1_91' title='bbox 1141 2361 1253 2438; x_wconf 89' lang='lat' dir='ltr'><strong>Unde</strong></span> <span class='ocrx_word' id='word_1_92' title='bbox 1274 2379 1376 2458; x_wconf 87' lang='lat' dir='ltr'><strong>patet</strong></span> <span class='ocrx_word' id='word_1_93' title='bbox 1392 2390 1436 2442; x_wconf 81' lang='lat' dir='ltr'><strong>ex</strong></span> <span class='ocrx_word' id='word_1_94' title='bbox 1458 2369 1677 2456; x_wconf 76' lang='lat' dir='ltr'><strong>hoc&#39;Orlen·</strong></span> <span class='ocrx_word' id='word_1_95' title='bbox 1751 2396 1753 2408; x_wconf 92' lang='lat'><em>·</em></span> 
     </span>
     <span class='ocr_line' id='line_1_14' title="bbox 218 2461 1678 2564; baseline -0.006 -14"><span class='ocrx_word' id='word_1_96' title='bbox 218 2477 348 2555; x_wconf 88' lang='lat' dir='ltr'><strong>talium</strong></span> <span class='ocrx_word' id='word_1_97' title='bbox 367 2471 464 2549; x_wconf 72' lang='lat' dir='ltr'><strong>sado</strong></span> <span class='ocrx_word' id='word_1_98' title='bbox 487 2465 777 2564; x_wconf 80' lang='lat' dir='ltr'><strong>(Hcrcticorum</strong></span> <span class='ocrx_word' id='word_1_99' title='bbox 800 2483 923 2558; x_wconf 75' lang='lat' dir='ltr'><strong>atquc,</strong></span> <span class='ocrx_word' id='word_1_100' title='bbox 948 2483 992 2538; x_wconf 89' lang='lat' dir='ltr'><strong>ac</strong></span> <span class='ocrx_word' id='word_1_101' title='bbox 1009 2461 1280 2546; x_wconf 77' lang='lat' dir='ltr'><strong>catholicorum</strong></span> <span class='ocrx_word' id='word_1_102' title='bbox 1289 2474 1306 2555; x_wconf 86' lang='grc'><em>)</em></span> <span class='ocrx_word' id='word_1_103' title='bbox 1326 2466 1423 2544; x_wconf 87' lang='lat' dir='ltr'><strong>haud</strong></span> <span class='ocrx_word' id='word_1_104' title='bbox 1444 2465 1578 2557; x_wconf 89' lang='lat' dir='ltr'><strong>firmam</strong></span> <span class='ocrx_word' id='word_1_105' title='bbox 1599 2471 1678 2546; x_wconf 86' lang='lat' dir='ltr'><strong>fuis.</strong></span> 
     </span>
     <span class='ocr_line' id='line_1_15' title="bbox 218 2557 1752 2665; baseline -0.008 -17"><span class='ocrx_word' id='word_1_106' title='bbox 218 2573 257 2649; x_wconf 86' lang='lat' dir='ltr'><strong>se</strong></span> <span class='ocrx_word' id='word_1_107' title='bbox 286 2569 395 2648; x_wconf 77' lang='lat' dir='ltr'><strong>vilim</strong></span> <span class='ocrx_word' id='word_1_108' title='bbox 412 2567 551 2665; x_wconf 82' lang='lat' dir='ltr'><strong>Synodi</strong></span> <span class='ocrx_word' id='word_1_109' title='bbox 566 2566 839 2642; x_wconf 85' lang='lat' dir='ltr'><strong>Authoritatem</strong></span> <span class='ocrx_word' id='word_1_110' title='bbox 867 2562 942 2638; x_wconf 86' lang='lat' dir='ltr'><strong>line</strong></span> <span class='ocrx_word' id='word_1_111' title='bbox 964 2564 1128 2638; x_wconf 86' lang='lat' dir='ltr'><strong>ultimata</strong></span> <span class='ocrx_word' id='word_1_112' title='bbox 1146 2557 1252 2656; x_wconf 77' lang='lat' dir='ltr'><strong>Papae</strong></span> <span class='ocrx_word' id='word_1_113' title='bbox 1267 2561 1462 2656; x_wconf 86' lang='lat' dir='ltr'><strong>sententia,</strong></span> <span class='ocrx_word' id='word_1_114' title='bbox 1503 2571 1546 2643; x_wconf 91' lang='lat' dir='ltr'><strong>ad</strong></span> <span class='ocrx_word' id='word_1_115' title='bbox 1571 2591 1678 2662; x_wconf 88' lang='lat' dir='ltr'><strong>quem</strong></span> <span class='ocrx_word' id='word_1_116' title='bbox 1744 2613 1752 2636; x_wconf 89' lang='lat'><em>.</em></span> 
     </span>
     <span class='ocr_line' id='line_1_16' title="bbox 218 2660 1682 2766; baseline -0.002 -18"><span class='ocrx_word' id='word_1_117' title='bbox 218 2672 416 2750; x_wconf 85' lang='lat' dir='ltr'><strong>Eusebiani</strong></span> <span class='ocrx_word' id='word_1_118' title='bbox 432 2673 506 2765; x_wconf 85' lang='lat' dir='ltr'><strong>ipsa</strong></span> <span class='ocrx_word' id='word_1_119' title='bbox 524 2665 572 2744; x_wconf 90' lang='lat' dir='ltr'><strong>sui</strong></span> <span class='ocrx_word' id='word_1_120' title='bbox 583 2666 712 2762; x_wconf 88' lang='lat' dir='ltr'><strong>judicii</strong></span> <span class='ocrx_word' id='word_1_121' title='bbox 729 2663 964 2742; x_wconf 82' lang='lat' dir='ltr'><strong>instrumenta</strong></span> <span class='ocrx_word' id='word_1_122' title='bbox 980 2660 1256 2738; x_wconf 84' lang='lat' dir='ltr'><strong>trmrmiserant.</strong></span> <span class='ocrx_word' id='word_1_123' title='bbox 1305 2661 1478 2744; x_wconf 84' lang='lat' dir='ltr'><strong>Pontifex</strong></span> <span class='ocrx_word' id='word_1_124' title='bbox 1497 2685 1582 2766; x_wconf 80' lang='lat' dir='ltr'><strong>ergo</strong></span> <span class='ocrx_word' id='word_1_125' title='bbox 1603 2691 1682 2764; x_wconf 87' lang='lat' dir='ltr'><strong>per·</strong></span> 
     </span>
     <span class='ocr_line' id='line_1_17' title="bbox 220 2761 1683 2868; baseline -0.002 -21"><span class='ocrx_word' id='word_1_126' title='bbox 220 2775 341 2868; x_wconf 87' lang='lat' dir='ltr'><strong>ceptis</strong></span> <span class='ocrx_word' id='word_1_127' title='bbox 359 2791 505 2866; x_wconf 82' lang='lat' dir='ltr'><strong>quoque</strong></span> <span class='ocrx_word' id='word_1_128' title='bbox 525 2765 709 2842; x_wconf 80' lang='lat' dir='ltr'><strong>Athanafii</strong></span> <span class='ocrx_word' id='word_1_129' title='bbox 729 2763 873 2860; x_wconf 81' lang='lat' dir='ltr'><strong>Legatia</strong></span> <span class='ocrx_word' id='word_1_130' title='bbox 892 2775 965 2837; x_wconf 92' lang='lat' dir='ltr'><strong>tarn</strong></span> <span class='ocrx_word' id='word_1_131' title='bbox 988 2761 1106 2852; x_wconf 88' lang='lat' dir='ltr'><strong>hunc,</strong></span> <span class='ocrx_word' id='word_1_132' title='bbox 1142 2781 1246 2860; x_wconf 85' lang='lat' dir='ltr'><strong>quarn</strong></span> <span class='ocrx_word' id='word_1_133' title='bbox 1266 2763 1349 2837; x_wconf 80' lang='lat' dir='ltr'><strong>illos</strong></span> <span class='ocrx_word' id='word_1_134' title='bbox 1371 2765 1415 2838; x_wconf 87' lang='lat' dir='ltr'><strong>ad</strong></span> <span class='ocrx_word' id='word_1_135' title='bbox 1434 2787 1571 2844; x_wconf 88' lang='lat' dir='ltr'><strong>novum</strong></span> <span class='ocrx_word' id='word_1_136' title='bbox 1592 2769 1683 2862; x_wconf 82' lang='lat' dir='ltr'><strong>judi·</strong></span> 
     </span>
     <span class='ocr_line' id='line_1_18' title="bbox 218 2857 1682 2965; baseline -0.001 -19"><span class='ocrx_word' id='word_1_137' title='bbox 218 2875 322 2949; x_wconf 72' lang='lat' dir='ltr'><strong>dum</strong></span> <span class='ocrx_word' id='word_1_138' title='bbox 343 2870 498 2950; x_wconf 80' lang='lat' dir='ltr'><strong>Romam</strong></span> <span class='ocrx_word' id='word_1_139' title='bbox 516 2880 664 2942; x_wconf 87' lang='lat' dir='ltr'><strong>avocat.</strong></span> <span class='ocrx_word' id='word_1_140' title='bbox 710 2861 824 2937; x_wconf 90' lang='lat' dir='ltr'><strong>Nunc</strong></span> <span class='ocrx_word' id='word_1_141' title='bbox 849 2881 943 2936; x_wconf 86' lang='lat' dir='ltr'><strong>vero</strong></span> <span class='ocrx_word' id='word_1_142' title='bbox 961 2861 1013 2935; x_wconf 85' lang='lat' dir='ltr'><strong>illi</strong></span> <span class='ocrx_word' id='word_1_143' title='bbox 1040 2859 1109 2936; x_wconf 79' lang='lat' dir='ltr'><strong>suc</strong></span> <span class='ocrx_word' id='word_1_144' title='bbox 1139 2857 1261 2934; x_wconf 75' lang='lat' dir='ltr'><strong>caussa</strong></span> <span class='ocrx_word' id='word_1_145' title='bbox 1279 2865 1412 2938; x_wconf 89' lang='lat' dir='ltr'><strong>merito</strong></span> <span class='ocrx_word' id='word_1_146' title='bbox 1436 2865 1531 2965; x_wconf 77' lang='lat' dir='ltr'><strong>diffisi</strong></span> <span class='ocrx_word' id='word_1_147' title='bbox 1558 2889 1682 2962; x_wconf 84' lang='lat' dir='ltr'><strong>parere</strong></span> 
     </span>
     <span class='ocr_line' id='line_1_19' title="bbox 221 2955 1685 3062; baseline -0.003 -16"><span class='ocrx_word' id='word_1_148' title='bbox 221 2964 451 3060; x_wconf 75' lang='lat' dir='ltr'><strong>decrederat,</strong></span> <span class='ocrx_word' id='word_1_149' title='bbox 485 2964 566 3042; x_wconf 60' lang='grc' dir='ltr'><strong>ΝΚ</strong></span> <span class='ocrx_word' id='word_1_150' title='bbox 580 2962 790 3056; x_wconf 85' lang='lat' dir='ltr'><strong>neutiquam</strong></span> <span class='ocrx_word' id='word_1_151' title='bbox 810 2979 931 3035; x_wconf 72' lang='lat' dir='ltr'><strong>umen</strong></span> <span class='ocrx_word' id='word_1_152' title='bbox 945 2955 1100 3034; x_wconf 85' lang='lat' dir='ltr'><strong>Romam</strong></span> <span class='ocrx_word' id='word_1_153' title='bbox 1118 2959 1276 3035; x_wconf 91' lang='lat' dir='ltr'><strong>vocandi</strong></span> <span class='ocrx_word' id='word_1_154' title='bbox 1293 2965 1350 3055; x_wconf 81' lang='lat' dir='ltr'><strong>ius</strong></span> <span class='ocrx_word' id='word_1_155' title='bbox 1364 2959 1530 3042; x_wconf 83' lang='lat' dir='ltr'><strong>Pontifici</strong></span> <span class='ocrx_word' id='word_1_156' title='bbox 1552 2989 1685 3062; x_wconf 80' lang='lat' dir='ltr'><strong>negan-</strong></span> 
     </span>
     <span class='ocr_line' id='line_1_20' title="bbox 170 3057 1685 3158; baseline -0.003 -12"><span class='ocrx_word' id='word_1_157' title='bbox 170 3125 174 3132; x_wconf 88' lang='lat'>-</span> <span class='ocrx_word' id='word_1_158' title='bbox 224 3085 309 3158; x_wconf 70' lang='lat' dir='ltr'><strong>tes,</strong></span> <span class='ocrx_word' id='word_1_159' title='bbox 334 3069 395 3145; x_wconf 89' lang='lat' dir='ltr'><strong>sed</strong></span> <span class='ocrx_word' id='word_1_160' title='bbox 419 3065 593 3158; x_wconf 84' lang='lat' dir='ltr'><strong>temporie</strong></span> <span class='ocrx_word' id='word_1_161' title='bbox 611 3062 811 3158; x_wconf 78' lang='lat' dir='ltr'><strong>angustias,</strong></span> <span class='ocrx_word' id='word_1_162' title='bbox 836 3059 869 3132; x_wconf 83' lang='lat' dir='ltr'><strong>dt</strong></span> <span class='ocrx_word' id='word_1_163' title='bbox 893 3062 1061 3134; x_wconf 88' lang='lat' dir='ltr'><strong>bellicum</strong></span> <span class='ocrx_word' id='word_1_164' title='bbox 1080 3061 1148 3133; x_wconf 74' lang='lat' dir='ltr'><strong>sue</strong></span> <span class='ocrx_word' id='word_1_165' title='bbox 1168 3057 1294 3134; x_wconf 82' lang='lat' dir='ltr'><strong>Patriae</strong></span> <span class='ocrx_word' id='word_1_166' title='bbox 1314 3061 1438 3138; x_wconf 88' lang='lat' dir='ltr'><strong>statum</strong></span> <span class='ocrx_word' id='word_1_167' title='bbox 1464 3067 1685 3157; x_wconf 78' lang='lat' dir='ltr'><strong>pretenden-</strong></span> 
     </span>
     <span class='ocr_line' id='line_1_21' title="bbox 224 3157 1685 3257; baseline 0.001 -15"><span class='ocrx_word' id='word_1_168' title='bbox 224 3185 301 3242; x_wconf 80' lang='lat' dir='ltr'><strong>tes.</strong></span> <span class='ocrx_word' id='word_1_169' title='bbox 349 3167 546 3251; x_wconf 86' lang='lat' dir='ltr'><strong>Ceterum,</strong></span> <span class='ocrx_word' id='word_1_170' title='bbox 585 3159 757 3254; x_wconf 86' lang='lat' dir='ltr'><strong>quodrei</strong></span> <span class='ocrx_word' id='word_1_171' title='bbox 782 3157 986 3249; x_wconf 71' lang='lat' dir='ltr'><strong>capoten,</strong></span> <span class='ocrx_word' id='word_1_172' title='bbox 1027 3159 1222 3232; x_wconf 77' lang='lat' dir='ltr'><strong>orientales</strong></span> <span class='ocrx_word' id='word_1_173' title='bbox 1243 3161 1293 3233; x_wconf 93' lang='lat' dir='ltr'><strong>illi</strong></span> <span class='ocrx_word' id='word_1_174' title='bbox 1314 3159 1480 3237; x_wconf 79' lang='lat' dir='ltr'><strong>Heretici</strong></span> <span class='ocrx_word' id='word_1_175' title='bbox 1505 3167 1573 3257; x_wconf 82' lang='lat' dir='ltr'><strong>jam</strong></span> <span class='ocrx_word' id='word_1_176' title='bbox 1596 3182 1685 3244; x_wconf 90' lang='lat' dir='ltr'><strong>tunc</strong></span> 
     </span>
     <span class='ocr_line' id='line_1_22' title="bbox 222 3254 1686 3354; baseline 0 -12"><span class='ocrx_word' id='word_1_177' title='bbox 222 3265 309 3349; x_wconf 80' lang='lat' dir='ltr'><strong>fere</strong></span> <span class='ocrx_word' id='word_1_178' title='bbox 330 3261 457 3342; x_wconf 84' lang='lat' dir='ltr'><strong>eadem</strong></span> <span class='ocrx_word' id='word_1_179' title='bbox 483 3257 751 3346; x_wconf 81' lang='lat' dir='ltr'><strong>crassabantur,</strong></span> <span class='ocrx_word' id='word_1_180' title='bbox 777 3276 856 3354; x_wconf 73' lang='lat' dir='ltr'><strong>que</strong></span> <span class='ocrx_word' id='word_1_181' title='bbox 876 3254 1042 3330; x_wconf 85' lang='lat' dir='ltr'><strong>moderni</strong></span> <span class='ocrx_word' id='word_1_182' title='bbox 1060 3259 1148 3351; x_wconf 79' lang='lat' dir='ltr'><strong>juria</strong></span> <span class='ocrx_word' id='word_1_183' title='bbox 1170 3259 1393 3336; x_wconf 89' lang='lat' dir='ltr'><strong>ecclesraslici</strong></span> <span class='ocrx_word' id='word_1_184' title='bbox 1414 3261 1686 3342; x_wconf 84' lang='lat' dir='ltr'><strong>Reformatorea</strong></span> 
     </span>
     <span class='ocr_line' id='line_1_23' title="bbox 223 3353 1686 3457; baseline -0.001 -15"><span class='ocrx_word' id='word_1_185' title='bbox 223 3366 449 3457; x_wconf 79' lang='lat' dir='ltr'><strong>frequenter</strong></span> <span class='ocrx_word' id='word_1_186' title='bbox 463 3364 501 3436; x_wconf 91' lang='lat' dir='ltr'><strong>in</strong></span> <span class='ocrx_word' id='word_1_187' title='bbox 527 3379 592 3434; x_wconf 88' lang='lat' dir='ltr'><strong>ore</strong></span> <span class='ocrx_word' id='word_1_188' title='bbox 606 3357 764 3446; x_wconf 87' lang='lat' dir='ltr'><strong>habent,</strong></span> <span class='ocrx_word' id='word_1_189' title='bbox 789 3353 977 3452; x_wconf 83' lang='lat' dir='ltr'><strong>Episcopia</strong></span> <span class='ocrx_word' id='word_1_190' title='bbox 996 3355 1156 3450; x_wconf 89' lang='lat' dir='ltr'><strong>injuriam</strong></span> <span class='ocrx_word' id='word_1_191' title='bbox 1173 3353 1273 3450; x_wconf 86' lang='lat' dir='ltr'><strong>fieri,</strong></span> <span class='ocrx_word' id='word_1_192' title='bbox 1299 3359 1384 3434; x_wconf 88' lang='lat' dir='ltr'><strong>srde</strong></span> <span class='ocrx_word' id='word_1_193' title='bbox 1401 3368 1507 3438; x_wconf 80' lang='lat' dir='ltr'><strong>rebus</strong></span> <span class='ocrx_word' id='word_1_194' title='bbox 1524 3365 1595 3456; x_wconf 80' lang='lat' dir='ltr'><strong>iam</strong></span> <span class='ocrx_word' id='word_1_195' title='bbox 1615 3365 1686 3440; x_wconf 86' lang='lat' dir='ltr'><strong>asc</strong></span> 
     </span>
     <span class='ocr_line' id='line_1_24' title="bbox 229 3452 1688 3552; baseline 0.001 -14"><span class='ocrx_word' id='word_1_196' title='bbox 229 3461 393 3541; x_wconf 81' lang='lat' dir='ltr'><strong>definitis</strong></span> <span class='ocrx_word' id='word_1_197' title='bbox 417 3462 539 3536; x_wconf 92' lang='lat' dir='ltr'><strong>denuo</strong></span> <span class='ocrx_word' id='word_1_198' title='bbox 560 3455 656 3552; x_wconf 88' lang='lat' dir='ltr'><strong>apud</strong></span> <span class='ocrx_word' id='word_1_199' title='bbox 679 3452 806 3550; x_wconf 88' lang='lat' dir='ltr'><strong>Papam</strong></span> <span class='ocrx_word' id='word_1_200' title='bbox 828 3457 1006 3530; x_wconf 87' lang='lat' dir='ltr'><strong>rationem</strong></span> <span class='ocrx_word' id='word_1_201' title='bbox 1024 3453 1175 3531; x_wconf 87' lang='lat' dir='ltr'><strong>reddere</strong></span> <span class='ocrx_word' id='word_1_202' title='bbox 1195 3455 1389 3552; x_wconf 90' lang='lat' dir='ltr'><strong>deberent,</strong></span> <span class='ocrx_word' id='word_1_203' title='bbox 1427 3462 1459 3536; x_wconf 81' lang='lat' dir='ltr'><strong>dr</strong></span> <span class='ocrx_word' id='word_1_204' title='bbox 1484 3481 1592 3540; x_wconf 90' lang='lat' dir='ltr'><strong>ratam</strong></span> <span class='ocrx_word' id='word_1_205' title='bbox 1618 3463 1688 3540; x_wconf 83' lang='lat' dir='ltr'><strong>else</strong></span> 
     </span>
     <span class='ocr_line' id='line_1_25' title="bbox 228 3555 1689 3652; baseline 0.001 -14"><span class='ocrx_word' id='word_1_206' title='bbox 228 3559 434 3638; x_wconf 80' lang='lat' dir='ltr'><strong>habendam</strong></span> <span class='ocrx_word' id='word_1_207' title='bbox 452 3557 645 3650; x_wconf 74' lang='lat' dir='ltr'><strong>cujuslibet</strong></span> <span class='ocrx_word' id='word_1_208' title='bbox 660 3555 797 3650; x_wconf 72' lang='lat' dir='ltr'><strong>Synodi</strong></span> <span class='ocrx_word' id='word_1_209' title='bbox 814 3555 1026 3630; x_wconf 87' lang='lat' dir='ltr'><strong>sententiam</strong></span> <span class='ocrx_word' id='word_1_210' title='bbox 1045 3577 1057 3630; x_wconf 82' lang='lat' dir='ltr'><strong>a</strong></span> <span class='ocrx_word' id='word_1_211' title='bbox 1093 3575 1196 3652; x_wconf 87' lang='lat' dir='ltr'><strong>quam</strong></span> <span class='ocrx_word' id='word_1_212' title='bbox 1213 3563 1250 3631; x_wconf 88' lang='lat' dir='ltr'><strong>in</strong></span> <span class='ocrx_word' id='word_1_213' title='bbox 1267 3579 1364 3650; x_wconf 89' lang='lat' dir='ltr'><strong>rem,</strong></span> <span class='ocrx_word' id='word_1_214' title='bbox 1406 3563 1586 3639; x_wconf 85' lang='lat' dir='ltr'><strong>immerito</strong></span> <span class='ocrx_word' id='word_1_215' title='bbox 1601 3567 1689 3642; x_wconf 87' lang='lat' dir='ltr'><strong>licet</strong></span> 
     </span>
     <span class='ocr_line' id='line_1_26' title="bbox 110 3653 1690 3756; baseline 0.004 -20"><span class='ocrx_word' id='word_1_216' title='bbox 110 3729 117 3736; x_wconf 89' lang='lat'>.</span> <span class='ocrx_word' id='word_1_217' title='bbox 230 3661 268 3736; x_wconf 81' lang='lat' dir='ltr'><strong>dr</strong></span> <span class='ocrx_word' id='word_1_218' title='bbox 295 3658 385 3736; x_wconf 91' lang='lat' dir='ltr'><strong>salso</strong></span> <span class='ocrx_word' id='word_1_219' title='bbox 406 3657 631 3746; x_wconf 74' lang='lat' dir='ltr'><strong>Noviciani,</strong></span> <span class='ocrx_word' id='word_1_220' title='bbox 664 3677 709 3733; x_wconf 83' lang='lat' dir='ltr'><strong>ac</strong></span> <span class='ocrx_word' id='word_1_221' title='bbox 733 3653 829 3730; x_wconf 90' lang='lat' dir='ltr'><strong>Pauli</strong></span> <span class='ocrx_word' id='word_1_222' title='bbox 853 3654 1074 3730; x_wconf 83' lang='lat' dir='ltr'><strong>Samosateni</strong></span> <span class='ocrx_word' id='word_1_223' title='bbox 1101 3661 1266 3756; x_wconf 84' lang='lat' dir='ltr'><strong>exempla</strong></span> <span class='ocrx_word' id='word_1_224' title='bbox 1284 3657 1538 3754; x_wconf 77' lang='lat' dir='ltr'><strong>proferebant.</strong></span> <span class='ocrx_word' id='word_1_225' title='bbox 1598 3661 1690 3742; x_wconf 76' lang='lat' dir='ltr'><strong>Pon</strong></span> 
     </span>
     <span class='ocr_line' id='line_1_27' title="bbox 232 3749 1689 3856; baseline 0.004 -22"><span class='ocrx_word' id='word_1_226' title='bbox 232 3759 327 3835; x_wconf 69' lang='lat' dir='ltr'><strong>tiscx</strong></span> <span class='ocrx_word' id='word_1_227' title='bbox 345 3775 466 3839; x_wconf 87' lang='lat' dir='ltr'><strong>autem</strong></span> <span class='ocrx_word' id='word_1_228' title='bbox 482 3754 685 3852; x_wconf 76' lang='lat' dir='ltr'><strong>respondite</strong></span> <span class='ocrx_word' id='word_1_229' title='bbox 720 3749 851 3848; x_wconf 83' lang='lat' dir='ltr'><strong>„Nihil</strong></span> <span class='ocrx_word' id='word_1_230' title='bbox 869 3752 1015 3853; x_wconf 80' lang='lat' dir='ltr'><strong>dignum</strong></span> <span class='ocrx_word' id='word_1_231' title='bbox 1037 3759 1182 3848; x_wconf 87' lang='lat' dir='ltr'><strong>querela</strong></span> <span class='ocrx_word' id='word_1_232' title='bbox 1198 3755 1290 3847; x_wconf 82' lang='lat' dir='ltr'><strong>effe,</strong></span> <span class='ocrx_word' id='word_1_233' title='bbox 1323 3760 1421 3850; x_wconf 86' lang='lat' dir='ltr'><strong>quod</strong></span> <span class='ocrx_word' id='word_1_234' title='bbox 1441 3759 1483 3834; x_wconf 91' lang='lat' dir='ltr'><strong>ad</strong></span> <span class='ocrx_word' id='word_1_235' title='bbox 1502 3760 1689 3856; x_wconf 87' lang='lat' dir='ltr'><strong>Synodum</strong></span> 
     </span>
     <span class='ocr_line' id='line_1_28' title="bbox 232 3853 1765 3956; baseline 0.004 -22"><span class='ocrx_word' id='word_1_236' title='bbox 232 3859 489 3956; x_wconf 87' lang='lat' dir='ltr'><strong>„(romanam)</strong></span> <span class='ocrx_word' id='word_1_237' title='bbox 515 3871 754 3930; x_wconf 85' lang='lat' dir='ltr'><strong>vocarentur:</strong></span> <span class='ocrx_word' id='word_1_238' title='bbox 778 3855 892 3944; x_wconf 87' lang='lat' dir='ltr'><strong>quiin</strong></span> <span class='ocrx_word' id='word_1_239' title='bbox 913 3860 1019 3928; x_wconf 84' lang='lat' dir='ltr'><strong>rebua</strong></span> <span class='ocrx_word' id='word_1_240' title='bbox 1040 3877 1059 3928; x_wconf 91' lang='lat' dir='ltr'><strong>a</strong></span> <span class='ocrx_word' id='word_1_241' title='bbox 1080 3853 1114 3930; x_wconf 93' lang='lat' dir='ltr'><strong>se</strong></span> <span class='ocrx_word' id='word_1_242' title='bbox 1135 3853 1260 3952; x_wconf 82' lang='lat' dir='ltr'><strong>gestis,</strong></span> <span class='ocrx_word' id='word_1_243' title='bbox 1286 3855 1502 3950; x_wconf 77' lang='lat' dir='ltr'><strong>&amp;iudicatis</strong></span> <span class='ocrx_word' id='word_1_244' title='bbox 1522 3859 1690 3940; x_wconf 88' lang='lat' dir='ltr'><strong>fiduciam</strong></span> <span class='ocrx_word' id='word_1_245' title='bbox 1758 3940 1765 3952; x_wconf 75' lang='grc'><strong>,</strong></span> 
     </span>
     <span class='ocr_line' id='line_1_29' title="bbox 235 3949 1693 4053; baseline 0.002 -19"><span class='ocrx_word' id='word_1_246' title='bbox 235 3960 469 4053; x_wconf 81' lang='lat' dir='ltr'><strong>„ponerent,</strong></span> <span class='ocrx_word' id='word_1_247' title='bbox 502 3974 568 4028; x_wconf 84' lang='lat' dir='ltr'><strong>eoa</strong></span> <span class='ocrx_word' id='word_1_248' title='bbox 585 3971 663 4026; x_wconf 92' lang='lat' dir='ltr'><strong>non</strong></span> <span class='ocrx_word' id='word_1_249' title='bbox 682 3952 828 4046; x_wconf 79' lang='lat' dir='ltr'><strong>indigne</strong></span> <span class='ocrx_word' id='word_1_250' title='bbox 845 3951 958 4044; x_wconf 88' lang='lat' dir='ltr'><strong>serre,</strong></span> <span class='ocrx_word' id='word_1_251' title='bbox 992 3949 1016 4026; x_wconf 84' lang='lat' dir='ltr'><strong>sa</strong></span> <span class='ocrx_word' id='word_1_252' title='bbox 1039 3957 1083 4029; x_wconf 88' lang='lat' dir='ltr'><strong>ab</strong></span> <span class='ocrx_word' id='word_1_253' title='bbox 1105 3957 1180 4030; x_wconf 85' lang='lat' dir='ltr'><strong>aliis</strong></span> <span class='ocrx_word' id='word_1_254' title='bbox 1199 3955 1372 4047; x_wconf 87' lang='lat' dir='ltr'><strong>judicium</strong></span> <span class='ocrx_word' id='word_1_255' title='bbox 1393 3959 1490 4035; x_wconf 89' lang='lat' dir='ltr'><strong>suum</strong></span> <span class='ocrx_word' id='word_1_256' title='bbox 1512 3965 1693 4036; x_wconf 75' lang='lat' dir='ltr'><strong>examine·</strong></span> 
     </span>
     <span class='ocr_line' id='line_1_30' title="bbox 233 4049 1691 4152; baseline 0.004 -22"><span class='ocrx_word' id='word_1_257' title='bbox 233 4073 349 4150; x_wconf 87' lang='lat' dir='ltr'><strong>„tur‚</strong></span> <span class='ocrx_word' id='word_1_258' title='bbox 385 4057 422 4132; x_wconf 88' lang='lat' dir='ltr'><strong>id</strong></span> <span class='ocrx_word' id='word_1_259' title='bbox 443 4077 508 4152; x_wconf 84' lang='lat' dir='ltr'><strong>per</strong></span> <span class='ocrx_word' id='word_1_260' title='bbox 523 4053 708 4128; x_wconf 76' lang='lat' dir='ltr'><strong>Nicaeam</strong></span> <span class='ocrx_word' id='word_1_261' title='bbox 725 4049 911 4142; x_wconf 84' lang='lat' dir='ltr'><strong>Synodum</strong></span> <span class='ocrx_word' id='word_1_262' title='bbox 930 4056 1110 4148; x_wconf 87' lang='lat' dir='ltr'><strong>permitti,</strong></span> <span class='ocrx_word' id='word_1_263' title='bbox 1150 4054 1187 4128; x_wconf 81' lang='lat' dir='ltr'><strong>dr</strong></span> <span class='ocrx_word' id='word_1_264' title='bbox 1202 4055 1390 4152; x_wconf 84' lang='lat' dir='ltr'><strong>antiquam</strong></span> <span class='ocrx_word' id='word_1_265' title='bbox 1403 4059 1473 4136; x_wconf 85' lang='lat' dir='ltr'><strong>else</strong></span> <span class='ocrx_word' id='word_1_266' title='bbox 1492 4061 1585 4136; x_wconf 88' lang='lat' dir='ltr'><strong>lranc</strong></span> <span class='ocrx_word' id='word_1_267' title='bbox 1603 4081 1691 4136; x_wconf 89' lang='lat' dir='ltr'><strong>con·</strong></span> 
     </span>
     <span class='ocr_line' id='line_1_31' title="bbox 235 4143 1707 4256; baseline 0.005 -25"><span class='ocrx_word' id='word_1_268' title='bbox 235 4156 493 4248; x_wconf 85' lang='lat' dir='ltr'><strong>„suetudinem</strong></span> <span class='ocrx_word' id='word_1_269' title='bbox 516 4179 564 4220; x_wconf 86' lang='lat'><strong>-·</strong></span> <span class='ocrx_word' id='word_1_270' title='bbox 584 4175 657 4248; x_wconf 79' lang='lat' dir='ltr'><strong>ergo</strong></span> <span class='ocrx_word' id='word_1_271' title='bbox 675 4143 851 4247; x_wconf 71' lang='lat' dir='ltr'><strong>oportuffet</strong></span> <span class='ocrx_word' id='word_1_272' title='bbox 868 4153 938 4226; x_wconf 83' lang='lat' dir='ltr'><strong>illos</strong></span> <span class='ocrx_word' id='word_1_273' title='bbox 957 4158 1017 4228; x_wconf 84' lang='lat' dir='ltr'><strong>luc</strong></span> <span class='ocrx_word' id='word_1_274' title='bbox 1028 4155 1198 4244; x_wconf 22' lang='lat' dir='ltr'><strong>marcidae,</strong></span> <span class='ocrx_word' id='word_1_275' title='bbox 1218 4157 1267 4244; x_wconf 61' lang='grc' dir='ltr'><strong>,δ’</strong></span> <span class='ocrx_word' id='word_1_276' title='bbox 1285 4183 1346 4232; x_wconf 85' lang='lat' dir='ltr'><strong>non</strong></span> <span class='ocrx_word' id='word_1_277' title='bbox 1365 4165 1519 4247; x_wconf 73' lang='lat' dir='ltr'><strong>mmere,</strong></span> <span class='ocrx_word' id='word_1_278' title='bbox 1544 4175 1580 4233; x_wconf 88' lang='lat' dir='ltr'><strong>ut</strong></span> <span class='ocrx_word' id='word_1_279' title='bbox 1600 4179 1707 4256; x_wconf 72' lang='lat' dir='ltr'><strong>nego.</strong></span> 
     </span>
     <span class='ocr_line' id='line_1_32' title="bbox 237 4249 1693 4354; baseline 0.007 -28"><span class='ocrx_word' id='word_1_280' title='bbox 237 4265 353 4348; x_wconf 79' lang='lat' dir='ltr'><strong>„tium</strong></span> <span class='ocrx_word' id='word_1_281' title='bbox 369 4263 412 4330; x_wconf 86' lang='lat' dir='ltr'><strong>ad</strong></span> <span class='ocrx_word' id='word_1_282' title='bbox 422 4254 523 4349; x_wconf 74' lang='lat' dir='ltr'><strong>finem</strong></span> <span class='ocrx_word' id='word_1_283' title='bbox 542 4255 755 4328; x_wconf 81' lang='lat' dir='ltr'><strong>deduceretur.</strong></span> <span class='ocrx_word' id='word_1_284' title='bbox 780 4295 825 4312; x_wconf 91' lang='lat'><em>-</em></span> <span class='ocrx_word' id='word_1_285' title='bbox 845 4291 890 4310; x_wconf 91' lang='lat'><em>-</em></span> <span class='ocrx_word' id='word_1_286' title='bbox 937 4249 973 4326; x_wconf 85' lang='lat' dir='ltr'><strong>Si</strong></span> <span class='ocrx_word' id='word_1_287' title='bbox 994 4273 1062 4346; x_wconf 91' lang='lat' dir='ltr'><strong>qua</strong></span> <span class='ocrx_word' id='word_1_288' title='bbox 1083 4255 1187 4348; x_wconf 92' lang='lat' dir='ltr'><strong>culpa</strong></span> <span class='ocrx_word' id='word_1_289' title='bbox 1208 4253 1467 4354; x_wconf 80' lang='lat' dir='ltr'><strong>Episcopomm</strong></span> <span class='ocrx_word' id='word_1_290' title='bbox 1491 4256 1621 4351; x_wconf 85' lang='lat' dir='ltr'><strong>suerit,</strong></span> <span class='ocrx_word' id='word_1_291' title='bbox 1645 4259 1693 4336; x_wconf 71' lang='lat' dir='ltr'><strong>se»</strong></span> 
     </span>
     <span class='ocr_line' id='line_1_33' title="bbox 236 4347 1729 4456; baseline 0.005 -24"><span class='ocrx_word' id='word_1_292' title='bbox 236 4354 426 4450; x_wconf 84' lang='lat' dir='ltr'><strong>„cundum</strong></span> <span class='ocrx_word' id='word_1_293' title='bbox 449 4347 721 4428; x_wconf 82' lang='lat' dir='ltr'><strong>ecclesiasticum</strong></span> <span class='ocrx_word' id='word_1_294' title='bbox 741 4347 928 4426; x_wconf 78' lang='lat' dir='ltr'><strong>emonem</strong></span> <span class='ocrx_word' id='word_1_295' title='bbox 949 4351 1149 4446; x_wconf 73' lang='lat' dir='ltr'><strong>oportuisse</strong></span> <span class='ocrx_word' id='word_1_296' title='bbox 1167 4354 1340 4449; x_wconf 90' lang='lat' dir='ltr'><strong>judicium</strong></span> <span class='ocrx_word' id='word_1_297' title='bbox 1362 4355 1464 4449; x_wconf 87' lang='lat' dir='ltr'><strong>fieri,</strong></span> <span class='ocrx_word' id='word_1_298' title='bbox 1496 4373 1533 4432; x_wconf 86' lang='lat' dir='ltr'><strong>ut</strong></span> <span class='ocrx_word' id='word_1_299' title='bbox 1551 4367 1694 4456; x_wconf 80' lang='lat' dir='ltr'><strong>primum</strong></span> <span class='ocrx_word' id='word_1_300' title='bbox 1724 4445 1729 4454; x_wconf 67' lang='grc'><em>,</em></span> 
     </span>
     <span class='ocr_line' id='line_1_34' title="bbox 237 4449 1736 4551; baseline 0.005 -24"><span class='ocrx_word' id='word_1_301' title='bbox 237 4459 312 4546; x_wconf 80' lang='lat' dir='ltr'><strong>„cd</strong></span> <span class='ocrx_word' id='word_1_302' title='bbox 330 4453 499 4548; x_wconf 75' lang='lat' dir='ltr'><strong>Ecclesiam</strong></span> <span class='ocrx_word' id='word_1_303' title='bbox 517 4473 678 4524; x_wconf 82' lang='lat' dir='ltr'><strong>romanam</strong></span> <span class='ocrx_word' id='word_1_304' title='bbox 689 4449 907 4544; x_wconf 22' lang='lat' dir='ltr'><strong>scribereturx,</strong></span> <span class='ocrx_word' id='word_1_305' title='bbox 943 4453 990 4538; x_wconf 63' lang='grc' dir='ltr'><strong>δ’</strong></span> <span class='ocrx_word' id='word_1_306' title='bbox 1006 4455 1100 4542; x_wconf 85' lang='lat' dir='ltr'><strong>dine,</strong></span> <span class='ocrx_word' id='word_1_307' title='bbox 1140 4457 1222 4549; x_wconf 82' lang='lat' dir='ltr'><strong>quod</strong></span> <span class='ocrx_word' id='word_1_308' title='bbox 1230 4453 1349 4551; x_wconf 74' lang='lat' dir='ltr'><strong>julium</strong></span> <span class='ocrx_word' id='word_1_309' title='bbox 1369 4455 1431 4546; x_wconf 79' lang='lat' dir='ltr'><strong>eli,</strong></span> <span class='ocrx_word' id='word_1_310' title='bbox 1468 4459 1692 4538; x_wconf 67' lang='lat' dir='ltr'><strong>daemonum</strong></span> <span class='ocrx_word' id='word_1_311' title='bbox 1713 4463 1736 4508; x_wconf 52' lang='lat' dir='ltr'><strong>l</strong></span> 
     </span>
     <span class='ocr_line' id='line_1_35' title="bbox 233 4545 1807 4654; baseline 0.004 -26"><span class='ocrx_word' id='word_1_312' title='bbox 233 4553 427 4643; x_wconf 67' lang='lat' dir='ltr'><strong>„Demuur</strong></span> <span class='ocrx_word' id='word_1_313' title='bbox 449 4549 637 4627; x_wconf 86' lang='lat' dir='ltr'><strong>concludit</strong></span> <span class='ocrx_word' id='word_1_314' title='bbox 656 4545 850 4635; x_wconf 80' lang='lat' dir='ltr'><strong>Pontifex,</strong></span> <span class='ocrx_word' id='word_1_315' title='bbox 894 4569 972 4626; x_wconf 91' lang='lat' dir='ltr'><strong>non</strong></span> <span class='ocrx_word' id='word_1_316' title='bbox 991 4549 1091 4646; x_wconf 87' lang='lat' dir='ltr'><strong>polle</strong></span> <span class='ocrx_word' id='word_1_317' title='bbox 1110 4551 1146 4627; x_wconf 90' lang='lat' dir='ltr'><strong>se</strong></span> <span class='ocrx_word' id='word_1_318' title='bbox 1167 4555 1311 4628; x_wconf 88' lang='lat' dir='ltr'><strong>illorum</strong></span> <span class='ocrx_word' id='word_1_319' title='bbox 1335 4553 1486 4648; x_wconf 81' lang='lat' dir='ltr'><strong>synodo</strong></span> <span class='ocrx_word' id='word_1_320' title='bbox 1503 4557 1695 4654; x_wconf 81' lang='lat' dir='ltr'><strong>suflragari,</strong></span> <span class='ocrx_word' id='word_1_321' title='bbox 1803 4597 1807 4604; x_wconf 91' lang='lat'><em>·</em></span> 
     </span>
     <span class='ocr_line' id='line_1_36' title="bbox 244 4645 1852 4746; baseline 0.001 -21"><span class='ocrx_word' id='word_1_322' title='bbox 244 4672 397 4744; x_wconf 83' lang='lat' dir='ltr'><strong>„neque</strong></span> <span class='ocrx_word' id='word_1_323' title='bbox 417 4653 578 4746; x_wconf 72' lang='lat' dir='ltr'><strong>injuriam</strong></span> <span class='ocrx_word' id='word_1_324' title='bbox 600 4648 741 4737; x_wconf 87' lang='lat' dir='ltr'><strong>facere,</strong></span> <span class='ocrx_word' id='word_1_325' title='bbox 767 4645 851 4722; x_wconf 89' lang='lat' dir='ltr'><strong>dum</strong></span> <span class='ocrx_word' id='word_1_326' title='bbox 873 4670 943 4743; x_wconf 89' lang='lat' dir='ltr'><strong>pro</strong></span> <span class='ocrx_word' id='word_1_327' title='bbox 964 4655 1148 4728; x_wconf 84' lang='lat' dir='ltr'><strong>communi</strong></span> <span class='ocrx_word' id='word_1_328' title='bbox 1169 4651 1337 4727; x_wconf 77' lang='lat' dir='ltr'><strong>Ecclesia</strong></span> <span class='ocrx_word' id='word_1_329' title='bbox 1358 4657 1460 4729; x_wconf 91' lang='lat' dir='ltr'><strong>bono</strong></span> <span class='ocrx_word' id='word_1_330' title='bbox 1482 4655 1622 4732; x_wconf 74' lang='lat' dir='ltr'><strong>summa</strong></span> <span class='ocrx_word' id='word_1_331' title='bbox 1637 4659 1715 4741; x_wconf 41' lang='lat' dir='ltr'><strong>xSe¹</strong></span> <span class='ocrx_word' id='word_1_332' title='bbox 1848 4717 1852 4726; x_wconf 90' lang='lat'><em>.</em></span> 
     </span>
     <span class='ocr_line' id='line_1_37' title="bbox 245 4745 1800 4924; baseline -0.001 -98"><span class='ocrx_word' id='word_1_333' title='bbox 245 4751 331 4842; x_wconf 84' lang='lat' dir='ltr'><strong>„dia</strong></span> <span class='ocrx_word' id='word_1_334' title='bbox 349 4749 561 4830; x_wconf 86' lang='lat' dir='ltr'><strong>sententiam</strong></span> <span class='ocrx_word' id='word_1_335' title='bbox 580 4745 836 4844; x_wconf 81' lang='lat' dir='ltr'><strong>perscriberet:</strong></span> <span class='ocrx_word' id='word_1_336' title='bbox 869 4751 978 4924; x_wconf 41' lang='lat' dir='ltr'><strong>Akpiud</strong></span> <span class='ocrx_word' id='word_1_337' title='bbox 988 4757 1093 4830; x_wconf 80' lang='lat' dir='ltr'><strong>amires</strong></span> <span class='ocrx_word' id='word_1_338' title='bbox 1111 4767 1186 4832; x_wconf 80' lang='lat' dir='ltr'><strong>nata</strong></span> <span class='ocrx_word' id='word_1_339' title='bbox 1203 4749 1280 4851; x_wconf 79' lang='lat' dir='ltr'><strong>effe,</strong></span> <span class='ocrx_word' id='word_1_340' title='bbox 1312 4751 1380 4850; x_wconf 78' lang='lat' dir='ltr'><strong>prae</strong></span> <span class='ocrx_word' id='word_1_341' title='bbox 1398 4777 1419 4830; x_wconf 83' lang='lat' dir='ltr'><strong>a</strong></span> <span class='ocrx_word' id='word_1_342' title='bbox 1438 4755 1481 4832; x_wconf 85' lang='grc' dir='ltr'><strong>Β.</strong></span> <span class='ocrx_word' id='word_1_343' title='bbox 1492 4755 1591 4835; x_wconf 76' lang='lat' dir='ltr'><strong>Pereo</strong></span> <span class='ocrx_word' id='word_1_344' title='bbox 1609 4758 1699 4857; x_wconf 69' lang='lat' dir='ltr'><strong>Apo.</strong></span> <span class='ocrx_word' id='word_1_345' title='bbox 1790 4755 1800 4766; x_wconf 89' lang='lat'><em>&#39;</em></span> 
     </span>
     <span class='ocr_line' id='line_1_38' title="bbox 950 4855 1763 4955; baseline 0.002 -19"><span class='ocrx_word' id='word_1_346' title='bbox 950 4869 1038 4928; x_wconf 66' lang='grc' dir='ltr'><strong>ΒΗ</strong></span> <span class='ocrx_word' id='word_1_347' title='bbox 1399 4875 1408 4888; x_wconf 85' lang='grc'><em>·</em></span> <span class='ocrx_word' id='word_1_348' title='bbox 1546 4855 1650 4955; x_wconf 65' lang='lat' dir='ltr'><strong>‚fiola</strong></span> <span class='ocrx_word' id='word_1_349' title='bbox 1760 4933 1763 4938; x_wconf 88' lang='lat'>.</span> 
     </span>
     <span class='ocr_line' id='line_1_39' title="bbox 327 4981 1093 5066; baseline -0.001 -19"><span class='ocrx_word' id='word_1_350' title='bbox 327 4991 367 5066; x_wconf 83' lang='lat'><strong>¹¹)</strong></span> <span class='ocrx_word' id='word_1_351' title='bbox 387 4987 477 5063; x_wconf 79' lang='lat' dir='ltr'><strong>Apud</strong></span> <span class='ocrx_word' id='word_1_352' title='bbox 493 4983 643 5048; x_wconf 82' lang='lat' dir='ltr'><strong>Cuustaur.</strong></span> <span class='ocrx_word' id='word_1_353' title='bbox 661 4984 878 5062; x_wconf 65' lang='lat' dir='ltr'><strong>spiriritalis.</strong></span> <span class='ocrx_word' id='word_1_354' title='bbox 942 5019 948 5028; x_wconf 83' lang='lat'>.</span> <span class='ocrx_word' id='word_1_355' title='bbox 1090 4981 1093 4985; x_wconf 77' lang='grc'><strong>’</strong></span> 
     </span>
    </p>
   </div>
   <div class='ocr_carea' id='block_1_7' title="bbox 0 0 2002 6132">
    <p class='ocr_par' dir='ltr' id='par_1_7' title="bbox 0 0 2002 6132">
     <span class='ocr_line' id='line_1_40' title="bbox 0 0 2002 6132; baseline 0 0"><span class='ocrx_word' id='word_1_356' title='bbox 0 0 2002 6132; x_wconf 95' lang='lat' dir='ltr'><strong> </strong></span> 
     </span>
    </p>
   </div>
  </div>
 </body>
</html>
