3942 6134
646 1114 650 1121 ’
786 1107 1131 1164 m
1552 1119 1622 1203 ast

231 1275 293 1354 etsr
315 1263 564 1350 fornnn'non
588 1269 771 1366 eujusdam
800 1271 961 1367 positive
985 1273 1095 1370 legia,
1130 1293 1200 1368 qut
1218 1269 1395 1362 ¹Diatonir
1419 1285 1684 1368 matrimonium

103 1402 104 1413 ¹
227 1377 506 1471 prohiberetur,
555 1371 590 1443 dt
625 1371 798 1463 quoidam
828 1371 1027 1468 Episcopos
1056 1373 1142 1448 hinc
1180 1375 1264 1448 inde
1302 1379 1337 1450 in
1366 1377 1552 1456 Diaconos
1585 1392 1682 1463 ordi.

103 1468 104 1525 ἕ
225 1476 344 1567 nall'c,
381 1477 441 1564 qui
459 1469 617 1562 expresse
633 1471 823 1564 protestati
838 1469 936 1560 sunt,
969 1472 1010 1544 se
1031 1475 1265 1550 continentia
1286 1475 1466 1550 servande
1485 1503 1585 1574 pares
1605 1509 1682 1567 non

226 1573 322 1646 sore.
373 1573 460 1646 Hoc
478 1569 733 1666 Episcoporum
754 1569 1144 1662 sattumadmittirnus,
1177 1595 1246 1648 noc
1264 1577 1449 1665 miramur,
1483 1585 1608 1672 partim
1630 1589 1680 1662 ob
1791 1664 1797 1676 ,

226 1670 401 1746 Ecclesiae
422 1675 486 1745 illo
510 1669 794 1764 persecutionum
821 1684 988 1763 tempore
1013 1668 1276 1764 necellitatem',
1305 1673 1387 1748 dum
1416 1671 1502 1749 esset
1525 1677 1681 1760 Clericu-

222 1789 307 1844 rum
335 1774 500 1864 penuria,
519 1766 577 1841 'ad
606 1789 758 1859 quorum
784 1767 912 1841 ilatum
938 1769 1115 1843 interdum
1136 1773 1290 1863 juvenes
1316 1787 1436 1848 cetera
1461 1778 1586 1868 probi,
1620 1784 1682 1860 vei

222 1871 361 1957 inviti,
399 1869 812 1942 &nonfineviolentia
833 1867 1068 1962 adigebantur
1089 1869 1148 1962 spe
1169 1887 1369 1964 concepta,
1408 1875 1596 1968 peripsam
1616 1880 1680 1959 sta·

222 1981 283 2042 tus
306 1967 523 2043 sanititatem
545 1967 683 2040 lorcin
706 1965 830 2040 officio
853 1967 1118 2072 continendos,
1156 1973 1205 2044 ita
1224 1973 1330 2046 seculi
1354 1974 1467 2064 quinti
1490 1976 1594 2052 initio
1615 1984 1680 2076 sy.

221 2067 311 2141 nesri
335 2070 539 2162 exemplum
565 2066 696 2155 docet3
718 2068 916 2160 partimffob
935 2067 1171 2160 quorumdam
1192 2071 1229 2144 in
1249 2069 1403 2144 Oriente
1418 2071 1680 2170 Episcoporunt

222 2168 426 2262 ignaviam,
468 2163 640 2256 qui‘teste
659 2165 694 2239 S.
709 2163 911 2258 Epiphanio
934 2170 1041 2240 etiam
1062 2165 1280 2261 Presbyteris
1302 2171 1434 2244 liberos
1459 2173 1580 2248 facere
1603 2199 1680 2274 pet·-

222 2264 418 2356 miserant,
448 2265 546 2354 sorte
567 2267 688 2337 multo
708 2263 844 2338 facilius
862 2263 1032 2336 Ministris
1057 2287 1206 2344 uxorem
1229 2267 1380 2360 ducere,
1414 2269 1509 2346 &iis
1532 2279 1678 2366 quidem

179 2403 193 2448 0
222 2363 423 2452 Diatonir,
460 2383 553 2454 quos
581 2376 721 2436 tantum
747 2385 793 2436 ex
821 2361 1024 2435 necesitate
1054 2366 1309 2441 ordinaverant
1337 2387 1464 2446 contra
1492 2375 1680 2478 continen-

222 2465 311 2537 tiam
332 2461 572 2562 protestatos,
612 2466 711 2555 queip
729 2462 893 2536 nonime
906 2462 1034 2554 injuria
1052 2463 1236 2540 videretur
1253 2466 1426 2562 imposita.
1477 2469 1579 2548 Faoa
1601 2477 1678 2553 hec

101 2593 105 2608 ·
220 2561 488 2659 Episcoporum
512 2565 571 2635 vel
594 2581 640 2635 ex
662 2565 757 2636 bona
780 2561 1053 2657 presumtione,
1095 2565 1154 2639 vel
1182 2567 1234 2640 etr'
1249 2569 1417 2662 culpabili
1439 2571 1580 2667 ignavia
1600 2597 1678 2652 non

221 2681 417 2758 negamus,
459 2661 518 2737 sed
545 2661 622 2736 haec
651 2659 721 2735 else
745 2662 911 2756 legitimae
940 2659 1209 2756 dispensationis
1239 2670 1404 2760 exempla
1432 2689 1676 2769 pernegamus.

221 2759 337 2834 Certe
369 2765 406 2836 in
432 2761 665 2836 Antiocheno
698 2762 888 2854 praesertim
917 2757 1107 2834 Provincia
1138 2763 1224 2838 inde
1254 2785 1274 2838 a
1305 2764 1416 2840 Paulo
1444 2769 1703 2851 Samosatcno'

119 2911 124 2924 .
220 2864 462 2954 continentiae
478 2863 651 2934 clericalis
669 2859 849 2952 disciplina
865 2878 977 2956 grave
995 2862 1125 2934 vulnus
1142 2861 1192 2934 est
1208 2863 1319 2958 pallae
1343 2859 1471 2941 Clerici
1490 2873 1585 2947 euim
1603 2897 1679 2949 non

198 3029 201 3035 ,
219 2959 342 3036 solum
364 2963 559 3037 utebantur
576 2959 770 3046 uxoribus,
805 2955 865 3030 sed
891 2980 1006 3032 novas
1027 2961 1134 3034 etiam
1160 2958 1359 3054 ducebant,
1396 2981 1436 3040 ut
1454 2990 1500 3042 ex
1521 2970 1588 3046 hac
1606 2973 1681 3050 Au·

220 3081 359 3154 cyrana
373 3059 544 3154 synodo,
572 3057 738 3130 &altera
752 3054 1037 3132 Neocaesareensr
1060 3059 1218 3152 ejusdcm
1239 3067 1321 3160 anni
1339 3085 1412 3158 314
1434 3082 1544 3160 patet.
1594 3069 1680 3151 Hoc
1814 3148 1817 3157 ,

217 3161 363 3234 vulnus
378 3158 534 3231 curaturi
549 3155 704 3246 Ancytae
723 3151 843 3248 Patres
857 3159 1071 3251 generaliter
1086 3157 1294 3254 Diaconos,
1320 3167 1380 3258 qui
1397 3187 1547 3244 uxorem
1569 3167 1678 3247 duxe·
1703 3187 1709 3197 “

219 3269 333 3344 rant,
371 3253 559 3350 auofficio
580 3265 795 3342 removent,
835 3274 879 3326 ex
901 3257 1069 3345 equitate
1091 3271 1210 3336 tamen
1229 3265 1350 3338 mitius
1370 3280 1479 3360 agunt
1497 3289 1578 3366 erga
1602 3293 1680 3364 eor,

219 3374 319 3448 quor
342 3367 474 3448 utpote
496 3352 633 3426 invitos
658 3356 703 3426 ab
723 3349 907 3448 Episcopir
924 3351 1017 3444 juste
1041 3375 1116 3427 non
1142 3359 1295 3452 potuisse
1324 3365 1368 3438 ad
1398 3361 1603 3464 tam‘grave
1622 3373 1680 3465 J‘u·

221 3475 311 3552 gum
338 3454 576 3527 concinentia
601 3451 751 3548 obligari
781 3452 952 3542 censent,
1001 3469 1107 3546 atque
1131 3455 1215 3530 ideo
1246 3463 1283 3536 in
1314 3465 1509 3539 ministerio
1536 3483 1681 3546 manere

182 3569 186 3575 ’
220 3555 443 3648 permittunt
461 3548 696 3645 potissimum,
741 3563 783 3622 ut
806 3549 1188 3648 fantsttpucoporum
1211 3578 1419 3652 parcerent,
1458 3585 1504 3637 ne
1526 3589 1567 3642 ea
1585 3569 1682 3644 forte
1763 3645 1767 3654 ,

224 3673 312 3726 cum
330 3651 495 3725 scandalo
516 3649 645 3724 effetiu
666 3647 926 3727 frustrarentur.
978 3655 1086 3747 Siqua
1106 3653 1165 3728 hic
1189 3657 1420 3754 dispensatio,
1434 3666 1567 3757 potius
1586 3691 1684 3746 nunc
1713 3661 1721 3680 ’

224 3751 443 3844 a-Synodo,
467 3747 502 3822 dt
525 3751 727 3846 ingratiam
750 3748 1033 3845 Episcoporum,
1060 3773 1164 3848 quam
1185 3773 1288 3833 antea
1312 3781 1331 3832 a
1352 3760 1580 3858 fingularibue
1600 3767 1683 3864 Epi·

224 3847 346 3943 scopis
368 3847 450 3922 data
470 3847 545 3936 est,
570 3852 629 3938 qui
651 3851 884 3922 continentie
904 3872 998 3926 onus
1020 3853 1218 3947 Diaconir,
1243 3875 1305 3932 aut
1324 3865 1502 3942 uolutantes
1521 3869 1679 3942 relaxare
1803 3861 1810 3876 “

225 3950 432 4036 volebant,
469 3961 532 4020 aut
550 3951 642 4050 male.
691 3943 861 4021 Ceterum
885 3970 962 4026 nou
983 3951 1097 4028 solum
1121 3972 1206 4028 ante
1224 3956 1454 4051 Ancyranam
1479 3961 1678 4058 Synodun,

225 4047 290 4122 sed
311 4051 417 4122 etiam
435 4045 583 4142 posthac
605 4064 719 4135 usque
741 4045 784 4118 ad
802 4045 989 4124 Nicaenam
1011 4052 1058 4124 de
1078 4056 1302 4132 continentia
1318 4059 1565 4156 Diaconorum
1585 4064 1678 4143 adeo

225 4151 290 4220 lex
305 4147 440 4242 pofitiua
460 4145 667 4220 universalis
686 4164 763 4217 non
783 4147 936 4220 ertitille
958 4152 1123 4244 videtur,
1156 4171 1196 4228 ut
1216 4145 1405 4256 nequidem
1428 4159 1608 4251 disciplina
1627 4165 1680 4236 ab·
1707 4209 1713 4218 -
1834 4175 1842 4188 “

223 4247 394 4342 [eruuntur
410 4249 504 4338 apud
521 4243 725 4318 Orientalcs
747 4243 934 4320 unisormis
952 4247 1082 4340 suerit,
1109 4274 1189 4328 uam
1209 4259 1244 4330 in
1262 4255 1547 4332 Neocaesareenst
1566 4259 1683 4354 Syno«

226 4343 286 4421 do
301 4358 441 4422 tantum
461 4341 682 4438 Presbyteris
702 4342 863 4442 expresse
883 4350 994 4426 cao.l
1013 4355 1280 4434 matrimonium
1299 4355 1522 4454 prohibetur.

189 4773 192 4783 .
374 4701 487 4798 Atqui
518 4701 693 4806 expreffim'
722 4715 860 4809 legem,
888 4566 1092 4813 §offlam
1130 4731 1213 4792 ante
1239 4716 1422 4812 synodum
1452 4714 1722 4814 Ancyranam„

222 4805 399 4880 Diaconir
419 4809 559 4900 nuptias
576 4809 820 4902 interdixerit,
846 4809 982 4904 jaditat
1000 4813 1045 4886 D.
1062 4815 1225 4912 longius,
1254 4815 1287 4889 d
1303 4817 1443 4910 quidem
1464 4843 1506 4892 ex
1524 4819 1679 4912 Aposto-

226 4906 346 4985 lorum
363 4908 585 5056 cauonibus,
612 4909 951 5088 constitutionibulsl,
974 4933 1140 5108 {tecnon
1159 4915 1346 5012 Paphnutii
1361 4919 1398 4992 in
1414 4913 1677 5094 NicaengliCoon·
1758 4999 1763 5014 ,
