3942 6134
317 1065 388 1156 31⁶
806 1067 1136 1126 ἰιι-ιε

265 1235 378 1331 scopo
395 1235 571 1335 Argentio
589 1233 745 1330 injuriam
764 1231 871 1330 paffi,
895 1233 1062 1308 eumdem
1078 1232 1222 1330 insuper
1236 1228 1419 1330 turpissimi
1437 1230 1595 1309 criminis
1609 1253 1711 1312 reum

266 1334 597 1414 astulonensem
620 1337 838 1408 detulerint:
876 1331 1071 1428 Gregorius
1095 1354 1186 1409 vero
1209 1333 1351 1410 admissa
1370 1332 1596 1408 accusatione
1612 1333 1713 1410 Hila-

267 1438 345 1526 rio,
382 1451 557 1530 tamquam
576 1434 715 1532 Legato
736 1433 819 1522 suo,
854 1432 940 1526 quid
960 1452 1065 1526 agere
1086 1432 1255 1524 deberet,
1290 1431 1507 1527 prescripfit.
1548 1416 1615 1506 Ex
1634 1435 1713 1528 epi·

269 1533 360 1610 ilola
385 1541 428 1608 ad
451 1535 667 1609 columbum
694 1530 881 1619 discimus,
916 1527 1189 1625 Constantium,
1231 1531 1499 1606 &niusteiium
1522 1531 1712 1608 Diaconos

268 1629 436 1708 Pontifici
456 1632 656 1723 nunciasse,
693 1628 792 1725 quod
814 1629 1053 1702 Maximianus
1077 1631 1241 1707 Eccieiie
1259 1628 1489 1705 Pudentiaoe
1512 1631 1713 1706 catholicus

267 1727 464 1826 Episcopus
485 1733 636 1826 pecunia
657 1745 848 1822 corruptus
870 1726 1040 1800 defuneto
1061 1730 1154 1805 iliius
1174 1729 1340 1805 Ecclesre
1358 1729 1548 1804 Donatista
1565 1727 1714 1824 Episco-

268 1849 320 1924 po
345 1833 452 1905 aiium
484 1855 529 1906 ex
556 1830 680 1902 eadem
704 1827 793 1902 lesia
819 1824 1015 1921 permiserit
1041 1830 1223 1906 ordinari:
1267 1827 1365 1904 unde
1391 1825 1589 1916 Pontifex,
1630 1825 1714 1921 quid

270 1931 467 2024 agendum,
502 1929 682 2023 precepit
724 1926 850 2001 Cieros
870 1923 1035 2000 Ecclesre
1051 1927 1219 2026 Regensrs
1243 1929 1344 2004 suum
1366 1925 1585 2023 Episcopum
1605 1921 1716 2000 Pauli·

268 2047 355 2102 num
378 2029 494 2102 nimie
513 2026 666 2100 Sevitie
688 2025 782 2121 apud
798 2023 1011 2120 Gregorium
1032 2027 1233 2118 accusauit3
1258 2043 1478 2121 quapropter
1500 2029 1532 2100 ir
1549 2023 1643 2098 datis
1662 2025 1716 2098 lit·

269 2129 357 2200 teris
377 2127 421 2201 ad
439 2127 604 2200 eumdem
622 2124 860 2212 Columbunr,
886 2123 920 2195 dt
943 2124 988 2198 ad
1004 2125 1191 2202 Visiorenr
1212 2123 1394 2200 Numidie
1408 2121 1600 2200 Primatem
1622 2123 1714 2198 hauc

270 2221 439 2322 Episcopi
467 2229 606 2318 cuipam
629 2227 790 2319 precipit
810 2223 1040 2318 puniendam.
1091 2225 1183 2300 Edit
1198 2223 1451 2312 Febroniaue,
1493 2243 1582 2298 num
1600 2221 1636 2294 dr
1655 2221 1714 2298 lnr

185 2325 194 2340 “
272 2323 409 2402 litteras
423 2321 627 2423 pontificias
646 2323 741 2400 iuter
760 2319 891 2420 spurias
910 2343 1047 2401 merces
1062 2325 1186 2400 ifidori
1205 2323 1346 2402 censeas
1369 2319 1613 2417 abjiciendas?
1636 2375 1679 2392 -

935 2503 1075 2618 sad.

416 2638 500 2715 Nec
522 2643 623 2732 primi
644 2652 783 2714 tantum
804 2639 940 2716 ordinis
962 2641 1197 2734 Sacerdotes,
1231 2641 1293 2718 seu
1308 2640 1502 2738 Episcopi,
1533 2641 1595 2716 sed
1615 2637 1711 2718 dtin-

273 2736 425 2812 seriores
443 2737 572 2812 Clerici
596 2752 766 2833 poterant
785 2739 829 2812 ad
845 2739 974 2815 sedem
990 2761 1175 2817 romanam
1194 2761 1241 2814 ex
1259 2757 1409 2835 utraque
1424 2739 1606 2833 Ecclesia,
1645 2757 1716 2818 tam
1764 2779 1772 2790 ·

275 2833 469 2929 Orientis,
511 2859 615 2931 quam
634 2837 846 2913 Occidentis
868 2841 1081 2932 appellare,
1121 2843 1196 2914 imo
1217 2841 1396 2918 interdum
1416 2841 1523 2917 etiam
1545 2843 1584 2914 in
1606 2843 1718 2936 prima

272 2933 437 3011 instantia
453 2940 526 3012 iilic
548 2941 645 3012 suum
663 2937 1083 3034 refugium'querebant,
1114 2941 1175 3014 ubi
1194 2937 1347 3016 summus
1367 2939 1481 3014 totius
1498 2938 1621 3014 Pastor
1639 2941 1716 3014 ovi·
1811 2979 1815 3018 i

273 3036 316 3110 lis
336 3037 555 3126 presedcrat.
610 3035 674 3112 Per
694 3034 900 3112 Africanam
922 3036 1138 3133 disciplinam
1160 3039 1197 3110 id
1221 3038 1365 3144 quidem
1386 3037 1619 3115 inferioribus
1637 3035 1716 3112 Cle·

272 3136 355 3206 ricis
379 3135 421 3208 ad
446 3137 702 3230 precavendos
727 3137 852 3211 abusus
876 3137 913 3213 in
934 3135 1054 3212 caussis
1073 3135 1317 3232 personalibus
1338 3152 1415 3212 erac
1431 3141 1609 3227 vetituma
1640 3155 1717 3230 que

275 3245 396 3308 tamen
415 3239 536 3332 regula
555 3239 592 3309 in
619 3231 737 3309 cauiiis
757 3234 923 3311 Ecclesre
945 3236 1190 3334 gravioribus,
1235 3239 1389 3312 maxime
1408 3251 1529 3312 autem
1551 3233 1636 3312 lidei
1656 3255 1718 3310 ex·

273 3337 482 3426 ceptionem
500 3337 714 3426 patiebatur,
734 3346 775 3409 ut
792 3357 836 3408 ex
849 3335 969 3410 ilirica
986 3337 1134 3432 prolatis
1151 3339 1325 3433 exemplis
1343 3333 1479 3410 dosliss.
1490 3334 1605 3410 Manfi
1623 3353 1719 3410 com·

274 3434 406 3524 probat
424 3435 491 3522 i),
529 3431 651 3505 &nos
676 3433 738 3527 ipsi
763 3433 923 3527 quedam
948 3435 1061 3530 super.
1079 3443 1114 3526 §-
1137 3432 1303 3510 vidimus.
1351 3433 1614 3524 Frequentiora
1636 3433 1717 3509 sunt

275 3531 439 3621 exempla
463 3529 606 3604 aliarum
630 3529 884 3624 Eccieiiarum,
925 3533 1122 3626 &quidem
1140 3531 1269 3608 Clerici
1285 3529 1679 3624 constantinopolitani
1700 3551 1721 3605 a

276 3623 449 3700 Nestorio
467 3626 645 3724 degradati
663 3627 708 3701 ad
723 3627 951 3718 Celesiinum
968 3635 1214 3727 appellarunt,
1237 3630 1297 3725 qui
1313 3649 1377 3702 eos
1392 3631 1430 3702 in
1444 3624 1507 3702 suo
1523 3629 1659 3724 gradu,
1687 3627 1721 3702 ur

277 3727 535 3798 communione
555 3747 762 3819 permanere
780 3728 962 3820 decrevit,
997 3731 1096 3825 quod
1112 3745 1214 3826 patet
1234 3729 1404 3822 exipsius
1418 3723 1527 3822 Epist.
1541 3749 1597 3822 ¹9·
1647 3729 1723 3804 Ao

279 3825 363 3996 ticrltss
376 3823 533 3996 effdff
563 3825 1040 4001 E⁰⁰¹⁹1s¹ae·A'⁶,¹¹id⁵⁸ff⁰·¹s1⁰⁸
1070 3843 1204 4012 οοὲῑτὶ
1223 3825 1720 4002 Ρὲᾟπεῂαωέυὲῑξοιῑὲἓω

280 3944 1019 4002 a.omaeavrtuexr.
1223 3948 1513 4016 aarcranu,
1603 3947 1721 4000 ue·

276 4025 363 4096 riam
379 3947 636 4120 dignoscitusp
657 3977 841 4119 Eutyshes
860 3949 1221 4118 Aresinasrsl’ritasu
1236 4025 1403 4102 Ecclesia
1417 4023 1723 4120 constaminopo·

277 4122 396 4196 liranae
413 4121 603 4214 Presbyter
621 4145 641 4196 a
657 4122 827 4200 Concilio
845 4124 890 4199 ad
906 4125 1071 4202 eumdem
1092 4123 1302 4201 Pontificem
1327 4127 1478 4220 primum
1497 4123 1643 4217 quidem
1664 4146 1721 4220 ap-

278 4221 421 4312 peliasie
438 4222 608 4297 mentitus
626 4221 697 4312 est,
725 4223 848 4318 postea
864 4247 955 4299 vero
976 4225 1054 4299 asiu
1071 4227 1278 4320 appellavit.
1331 4223 1464 4316 Neque
1482 4226 1520 4297 in
1536 4221 1653 4297 Gallia
1668 4225 1724 4298 iu·

278 4319 411 4394 ustate
427 4321 568 4398 ilieraut
584 4321 787 4414 hujusmodi
804 4326 1075 4418 appellationes.
1128 4323 1183 4396 sta
1196 4320 1392 4415 Savianus,
1419 4343 1460 4397 ac
1475 4321 1556 4396 Leo
1573 4320 1721 4414 Presby-

145 4505 148 4510 .
279 4422 345 4490 teri
367 4441 386 4490 a
405 4417 551 4494 Rustico
569 4419 794 4498 Narbonensi
813 4424 1055 4518 Metropolita
1079 4421 1259 4518 degradati
1285 4422 1412 4494 Rome
1431 4442 1536 4494 novo
1558 4425 1722 4496 examine

279 4513 374 4594 suam
404 4517 552 4594 caussam
582 4519 705 4594 discuti
734 4525 891 4614 petiere,
927 4521 1139 4616 utrmque&
1169 4523 1245 4594 illie
1269 4519 1409 4612 judicio
1431 4516 1665 4610 deiecissent,
1703 4541 1724 4594 a

277 4613 313 4684 S.
330 4613 453 4688 Leone
473 4617 516 4687 ad
537 4617 635 4692 suum
653 4617 869 4714 Episcopum
888 4619 1045 4711 remissi,
1089 4622 1236 4715 ejusque
1259 4620 1460 4692 clementie
1479 4618 1723 4694 commendau'

277 4709 378 4805 sunt,
402 4727 443 4790 ut
466 4711 604 4788 constat
627 4735 670 4790 ex
687 4716 853 4812 Epiii9a
876 4720 920 4795 ad
940 4717 1137 4796 Rusticum.
1189 4714 1370 4790 Tuentius
1391 4715 1585 4792 Gallicane
1600 4715 1721 4892 iiiccie·

1646 4835 1676 4890 e

202 4951 391 5171 ἠ
406 4965 636 5044 &munerun
656 4975 686 5036 tn
701 4973 800 5042 unu.
818 4973 963 5044 niune.
985 4973 1153 5050 niumm
1172 4977 1206 5040 a·
1219 4969 1299 5056 Jare
1311 4975 1528 5066 appiam
