3942 6134
843 808 859 855 Ι
890 866 893 872 .

774 1114 1102 1157 m
1452 1120 1458 1133 ’
1533 1094 1655 1173 211⁴

754 1360 758 1371 ,
863 1262 977 1379 §a

353 1409 393 1486 sn
414 1407 490 1502 ipso
508 1406 626 1483 adhuc
643 1408 823 1483 nascentie
836 1408 1003 1483 Ecclesiae
1022 1408 1176 1481 exordio
1194 1404 1372 1481 Corinthii
1393 1410 1436 1483 ad
1452 1408 1662 1497 sonnen-

216 1528 284 1589 tem
301 1510 505 1587 Romanum
525 1508 710 1603 epistolam
729 1510 913 1601 scripsere,
942 1512 978 1581 in
1001 1530 1068 1601 qua
1090 1508 1272 1581 discordiae
1289 1507 1383 1601 apud
1403 1510 1498 1601 ipson
1518 1520 1661 1593 obortae

217 1610 524 1705 caussaexpostta,
564 1627 640 1681 non
662 1609 847 1681 consilium
870 1622 1031 1696 tantum,
1071 1608 1130 1681 sed
1156 1608 1188 1679 u
1211 1610 1381 1680 auxilium
1408 1610 1659 1705 implorabant.
1690 1675 1694 1685 .

215 1710 383 1787 Secuiosl
404 1706 669 1800 &Polycarpus
685 1706 837 1783 Romam
857 1709 1050 1786 contendit
1065 1707 1109 1781 ad
1130 1704 1259 1801 Papam
1280 1707 1497 1799 Anicetum,
1523 1729 1562 1785 ut
1578 1737 1661 1793 cum

110 1822 111 1901 j
215 1832 257 1885 eo
273 1812 318 1882 de
334 1808 550 1884 celebrando
565 1807 623 1885 die
640 1802 813 1881 Paschatie
830 1807 1025 1881 consecret
1078 1806 1259 1899 Martyres
1277 1804 1531 1901 Lugdunenses
1547 1812 1661 1890 Este.

214 1932 322 1987 neum
345 1908 506 2001 ejusdem
522 1904 686 1981 Ecclesiae
707 1917 796 1980 tunc
818 1904 1070 1999 Presbyterum
1094 1907 1138 1977 ad
1161 1904 1405 1997 Eleutherium
1426 1903 1464 1987 Ρ.
1488 1912 1536 1981 ob
1560 1932 1662 2004 quar.
1695 1970 1699 1977 .

211 2010 284 2083 dam
307 2007 476 2083 Eeciefiae
503 2004 714 2097 quaestiones
738 2007 919 2079 miserunt.
973 1996 1180 2097 Poiycrates
1206 2004 1438 2096 Ephesiorum
1462 2006 1662 2105 Episcopus

212 2106 369 2183 Concilio
384 2130 413 2180 a
430 2108 463 2179 se
480 2106 526 2177 ad
545 2104 747 2177 mandatum
768 2104 925 2179 umoris
945 2101 981 2175 P.
1006 2104 1162 2195 indicto,
1189 2104 1304 2193 eidem
1326 2106 1517 2201 rescripfit,
1544 2116 1661 2187 inten-

210 2218 275 2281 tati
299 2212 382 2280 licet
413 2206 474 2279 sibi
499 2206 897 2294 excommunicatione,
933 2224 1008 2276 non
1035 2220 1154 2277 tamen
1180 2202 1215 2276 se
1237 2202 1337 2295 posse
1360 2208 1509 2280 obedire
1534 2232 1578 2283 ex
1600 2214 1663 2289 iila

211 2308 379 2401 Majorum
406 2306 548 2401 regula:
588 2305 722 2377 Obedire
742 2318 859 2399 oportet
882 2305 954 2377 Deo
973 2300 1093 2396 tangis,
1127 2316 1225 2398 ‘quam
1243 2306 1452 2376 bominibus..
1478 2304 1572 2382 Tam
1596 2316 1663 2386 ob.

211 2406 326 2481 siinate
342 2426 423 2479 rem
441 2404 619 2475 variabilis
639 2402 852 2495 disciplinae,
886 2403 958 2479 hoc
977 2401 1050 2487 est,
1082 2398 1286 2473 celebrandi
1305 2398 1478 2477 Paschatis
1496 2406 1660 2488 sessivam

110 2526 113 2537 ’
212 2507 329 2601 dien,
342 2521 528 2594 tamquam
549 2502 710 2575 divinum
729 2517 947 2596 praeceptum
969 2500 1154 2602 defendit,
1180 2514 1317 2573 utnon
1339 2519 1524 2577 vereretur
1544 2524 1659 2586 totam

212 2608 371 2703 reliquam
391 2602 586 2675 Ecciefiam
605 2598 733 2695 p'raeter
749 2603 912 2675 Astanam
934 2601 1240 2695 pravaricationis
1260 2620 1417 2697 arguere.
1467 2604 1662 2684 secutoris

190 2704 387 2778 damnatio
415 2702 581 2799 Origenis
610 2722 629 2773 a
657 2701 847 2774 Demetrio
869 2698 1099 2777 Alexandria
1130 2698 1309 2792 Episcopo
1335 2700 1423 2773 fana
1453 2705 1499 2777 ad
1519 2702 1676 2782 Pontio,

212 2824 292 2877 num
313 2801 348 2874 Ρ.
368 2802 543 2890 refertur,
571 2802 629 2890 qui
650 2800 682 2871 o
700 2804 735 2889 in
759 2801 919 2873 eamdem
941 2797 1131 2872 consentit.
1183 2796 1259 2891 lpse
1278 2796 1454 2893 Origenes
1473 2805 1561 2877 teste
1577 2805 1662 2880 Hie·

212 2918 364 2995 ronymo
390 2902 430 2993 ⁴)
458 2898 641 2994 epistolam
663 2899 706 2970 ad
729 2898 922 3000 Fabianum
944 2919 1101 2971 romanae
1121 2899 1218 2968 urbis
1240 2913 1327 2969 tunc
1349 2898 1561 2995 Episcopum
1585 2908 1664 2981 scri·

211 3003 297 3097 psit,
344 3002 380 3072 in
400 3020 468 3090 qua
487 3000 731 3093 poenitentiam
749 2999 841 3093 egit,
885 2997 922 3069 δι’
937 2996 1068 3071 caussas
1089 2999 1298 3070 temeritatis
1316 3001 1353 3068 in
1372 3002 1557 3088 quemdam
1576 3004 1663 3079 Am·

121 3133 126 3141 ·
207 3102 361 3175 brosium
387 3101 525 3182 retulit,
545 3098 644 3188 quod
664 3099 725 3169 iile
748 3097 885 3169 secreto
909 3098 1004 3170 edita
1028 3099 1066 3169 in
1086 3096 1270 3188 pubiicum
1293 3101 1495 3189 protulerit.
1544 3103 1578 3176 S.
1594 3102 1664 3200 Cy-

202 3201 347 3293 prianus
374 3196 415 3267 in
445 3195 636 3285 quastione
658 3198 711 3265 de
738 3195 838 3295 lapsis
865 3194 1025 3268 eamdem
1049 3194 1178 3269 Sedem
1210 3196 1412 3284 consuluit,
1455 3219 1558 3289 quam
1585 3219 1663 3280 tum

205 3290 378 3370 defuncto
401 3292 560 3367 Fabiano
578 3290 702 3365 Clerus
722 3312 888 3365 romanus
908 3293 1172 3383 moderabatur.
1221 3294 1282 3365 Ad
1299 3294 1517 3387 Stephanum
1533 3298 1662 3393 Papam

202 3393 406 3486 Dionysius
429 3390 693 3465 Alexandrinus
717 3392 864 3486 primam
891 3412 1039 3480 earum,
1074 3414 1152 3484 quae
1177 3392 1222 3465 de
1245 3394 1425 3486 Baptismo
1452 3399 1663 3495 conscriptae
1729 3457 1734 3467 .

206 3496 306 3585 sunt,
333 3489 521 3585 epistolam
537 3493 714 3579 exaravit,
745 3492 991 3565 controversa
1003 3489 1137 3565 scilicet
1153 3492 1204 3564 sat
1219 3496 1517 3595 celebri-exorte,
1541 3516 1662 3579 utrum

214 3616 300 3679 eos,
342 3592 401 3681 oui
434 3610 479 3662 ex
511 3592 668 3679 quambet
698 3591 816 3665 hatest
848 3606 1179 3679 converterentur,
1217 3595 1427 3685 rebaptizari
1459 3614 1660 3690 oporteret.
1773 3682 1788 3689 ,
1862 3683 1863 3698 p

214 3692 373 3767 sisricani
399 3709 543 3780 quoque
566 3688 731 3784 Episcopi
761 3713 805 3765 ex
830 3693 967 3765 duabus
993 3689 1430 3787 Provinciis-Carthagine
1455 3703 1662 3795 congregati

212 3792 473 3887 Stephanum,
499 3788 850 3880 quadecr'euertnt,
878 3790 1006 3863 sicceris
1025 3788 1273 3885 significarunt.
1323 3790 1503 3867 idemille
1522 3798 1661 3893 Diony·
1757 3873 1760 3880 ,
1862 3815 1863 3822 ¹

214 3893 276 3965 sud
292 3890 429 3963 Xistum
443 3884 476 3957 11
499 3886 543 3957 de
560 3887 767 3959 Sabellianis
786 3890 959 3963 hereticis
968 3938 981 3975 ,
1015 3891 1077 3980 qui
1099 3904 1188 3984 tunc
1209 3894 1381 3985 temporie
1403 3894 1662 3991 increscebant,

214 3993 404 4065 certiorem
417 3984 595 4076 reddidit,
616 3984 712 4061 &ne
728 3984 825 4060 sorte
840 3988 1143 4080 hallucinaretur,
1168 3984 1378 4067 sententiam
1396 3998 1546 4087 expetiit
1566 3997 1635 4091 ··).
1781 4076 1784 4081 ,

354 4310 489 4385 Secuio
499 4305 554 4382 W
565 4240 819 4385 Constantinus
829 4164 1027 4399 inguine
1037 4305 1303 4385 Donatistarum
1313 4308 1461 4385 causs'am
1473 4310 1560 4386 adse
1568 4312 1664 4393 dela·
1680 4295 1686 4307 ’

212 4406 551 4489 tamMeicbiadie-P.
570 4410 768 4503 cognitioni
781 4406 933 4479 Romam
946 4408 1093 4483 remisit.
1145 4407 1663 4505 Posterioriann0314sireia·

211 4514 313 4587 tensis
323 4511 480 4585 Concilii
493 4508 612 4579 Patres
626 4508 669 4580 ad
681 4506 898 4599 sylvestrum
910 4490 945 4579 P,
960 4506 1142 4599 epistolam
1154 4510 1343 4595 dederunt,
1359 4508 1468 4598 ipsum
1479 4533 1661 4609 rogantet,

212 4628 251 4683 ut
271 4612 417 4686 decreta
443 4608 595 4679 Conciiii
620 4606 875 4697 confirmaret,
914 4606 1040 4678 bt‘tott
1056 4606 1222 4681 Eeciebae
1245 4607 1414 4680 servanda
1437 4630 1662 4704 proponeret

206 4712 301 4805 juxto
319 4711 589 4821 consuetudinem,
615 4726 684 4799 qua
702 4699 1084 4889 romanusgpiiscopu'a
1105 4710 1243 4787 litterae
1262 4704 1308 4779 ad
1328 4713 1465 4781 omnes'
1481 4710 1660 4886 diriffiet.

973 4822 999 4887 2
1267 4827 1281 4860 :·
1387 4866 1393 4875 .

212 4936 538 4963 *αι-ιιι-
542 4938 878 4956 *ua—n-

290 5028 332 5111 r)
354 5004 739 5093 AdPamnacitbtchceo.
753 5016 908 5101 iipitbnn
930 4964 947 5037 ⁸*
1004 5018 1047 5106 ”)
1070 5004 1641 5100 epudcoustioeeprnmomemor.
