3942 6134
239 1252 420 1353 obligandi
449 1256 522 1330 vini
546 1252 726 1331 nancisci?
764 1250 868 1329 Hanc
893 1252 1123 1347 quaestionem
1150 1276 1234 1355 erga
1252 1252 1456 1337 Curialillas
1476 1256 1615 1337 Archi·
1638 1274 1701 1337 ant

233 1356 497 1451 Episcoporum
527 1354 695 1446 instituo,
740 1355 836 1429 &ut
860 1353 1007 1429 istorum
1030 1358 1143 1447 majus
1163 1360 1223 1448 jus
1247 1372 1374 1432 contra
1403 1358 1625 1452 pontificiam
1651 1366 1701 1437 le·

233 1478 317 1555 gem
338 1457 422 1533 inihi
447 1456 679 1545 ostendatur,
719 1456 799 1547 jure
820 1476 903 1528 meo
927 1451 1084 1547 pullulo.
1134 1456 1233 1531 Dum
1254 1453 1422 1531 Clemens
1435 1458 1501 1531 xli
1526 1458 1559 1535 se
1582 1462 1700 1537 offen·

229 1560 306 1639 sum
333 1553 755 1649 ostenderetfeoquod
779 1558 815 1627 in
845 1554 1043 1629 conventu
1068 1553 1163 1629 Cleri
1188 1557 1351 1653 gallicani
1382 1558 1490 1649 aliqui
1516 1558 1701 1653 distillent,

103 1660 106 1741 l
230 1661 375 1735 Bollam
392 1664 516 1733 vineam
536 1656 672 1733 Dariiini'
690 1674 764 1731 non
783 1656 941 1749 obligare
962 1671 1046 1728 anie
1063 1657 1349 1751 acceptationem
1368 1654 1542 1751 Corporis
1554 1657 1701 1752 Episco-

197 1752 199 1757 ’
229 1780 388 1859 porum,
417 1776 565 1863 eamque
584 1776 628 1829 eit
646 1770 746 1850 parte
764 1756 908 1828 illorum
927 1751 1003 1827 fieri
1016 1771 1077 1853 per
1090 1760 1326 1852 oiainjiidiaiir
1347 1752 1513 1830 Praesules
1529 1760 1698 1854 gallicani

227 1886 257 1939 a.
278 1880 375 1953 ¹71¹
399 1859 480 1931 data
503 1855 548 1930 ad
567 1852 695 1949 Papam
717 1852 867 1949 epistole
890 1853 1137 1944 declararunt,
1164 1855 1199 1929 se
1217 1875 1294 1929 noii
1312 1857 1514 1952 intelligere
1535 1872 1700 1951 accepta·

228 1966 399 2051 tionem,
424 1976 502 2048 quae
521 1955 564 2030 sit
573 1955 743 2049 sirbonis,
758 1972 886 2045 neque
905 1967 946 2025 ut
964 1948 1182 2028 Conventus
1202 1954 1463 2050 Episcopoiuni
1481 1956 1586 2030 velut
1597 1959 1698 2052 iudex

227 2062 372 2135 Rullum
390 2058 633 2141 examinaret,
670 2051 729 2127 sed
749 2070 790 2127 ut
809 2049 1104 2126 conformitatem
1125 2051 1193 2127 suae
1210 2052 1378 2128 doslrinae
1399 2075 1480 2137 cuni
1500 2054 1699 2147 apostolice

228 2156 483 2259 significarent.
537 2152 628 2227 Non
647 2154 753 2249 igitur
770 2172 833 2247 pei
851 2151 999 2231 modum
1009 2154 1175 2245 judicialis
1191 2156 1441 2249 approbationis,
1476 2153 1608 2253 sed-pra
1624 2179 1698 2229 ian·
1843 2217 1847 2228 .

186 2266 191 2277 “
228 2262 396 2353 formitate
418 2256 629 2353 irylriiiii'ani's
649 2250 834 2346 Episcopis
857 2252 945 2324 licet
964 2248 1161 2345 apostolica
1182 2252 1357 2327 discutere
1381 2252 1537 2327 decreta.
1587 2252 1697 2329 Haud

230 2359 403 2455 equidem
422 2378 481 2429 me
500 2358 589 2429 latet
608 2353 795 2435 contrarie
814 2350 1000 2445 opinionis
1019 2348 1317 2441 recentiilimum,
1354 2350 1414 2426 sed
1435 2350 1698 2430 &salliffimuni

227 2461 541 2541 fundamentum,
582 2452 716 2531 scilicet
732 2447 859 2544 Papam
877 2468 953 2525 non
969 2452 1159 2543 ordinaria,
1197 2451 1257 2525 sed
1281 2456 1461 2527 iiiiiriediata
1480 2453 1636 2549 gaudere
1657 2456 1697 2542 iii

228 2556 466 2635 Dioecesanos
479 2550 747 2648 jurisdisiione‚
775 2548 863 2625 licut
879 2563 1002 2624 tamen
1016 2545 1215 2647 Episcopus
1224 2549 1365 2646 gaudet
1383 2554 1420 2625 in
1438 2548 1692 2628 Parocbianos.

226 2662 396 2746 Verum,
430 2677 499 2749 qua
522 2652 767 2729 minitatione
789 2648 1003 2723 ordinariam
1020 2646 1187 2743 Episcopi
1210 2652 1249 2723 iii
1270 2653 1467 2739 quamlibet
1484 2648 1694 2727 Parochiam

225 2764 379 2858 potius,
405 2776 509 2847 quain
528 2751 630 2841 Papae
646 2753 684 2825 in
702 2748 867 2825 dioecesin
886 2750 1035 2823 evinces
1055 2748 1298 2843 potestatem?
1323 2750 1419 2827 Sane
1435 2748 1616 2827 Paroehus
1633 2770 1695 2826 eo·
1752 2784 1756 2789 ·

227 2864 313 2937 deni
334 2860 413 2951 jure
428 2854 463 2929 se
485 2858 694 2931 Ordinari'itm
713 2846 893 2935 Perochiae
914 2846 1040 2938 dicet,
1080 2867 1156 2941 quo
1172 2846 1371 2946 Episcopus
1392 2850 1522 2926 cicitur
1538 2845 1697 2927 ordina-

224 2966 303 3037 rius
330 2954 507 3029 dioecesrs:
540 2968 693 3041 uterque
714 2950 794 3043 iure
814 2946 944 3023 divino
964 2945 1037 3038 eit,
1069 2963 1133 3021 aut
1152 2963 1309 3043 uterque
1332 2949 1515 3040 buman03
1547 2950 1609 3026 etfi
1634 2951 1695 3027 his

223 3064 298 3138 illo
323 3056 494 3149 superior.
545 3050 600 3127 At
621 3048 805 3144 Episcopo
824 3066 972 3140 quoque
992 3044 1153 3144 superior
1175 3044 1266 3142 Papa
1287 3046 1367 3142 eil,
1400 3050 1573 3144 simulque
1596 3052 1694 3125 Ordi-

224 3168 346 3237 narliii
363 3172 526 3243 uterque.
575 3149 715 3223 Omnes
731 3150 826 3221 enim
841 3144 968 3220 fideles
984 3147 1192 3223 obedientia
1207 3168 1289 3245 erga
1305 3144 1433 3244 Papam
1450 3151 1623 3246 ligantur,
1648 3160 1693 3223 ut

225 3256 308 3355 ipsa
330 3251 414 3327 fidei
436 3250 620 3323 catholica
639 3242 834 3341 professio,
862 3248 1031 3319 omnibus
1047 3244 1129 3321 sane
1147 3249 1373 3339 communis,
1399 3251 1586 3325 continet:
1623 3250 1694 3323 Ra·

225 3382 328 3443 prasio
347 3348 521 3459 Pontifici,
555 3349 596 3421 Β.
614 3346 732 3435 Petri,
766 3338 984 3441 Apollilomin
1008 3344 1169 3441 Principii
1189 3344 1379 3447 sieceffm,
1410 3350 1456 3432 θ
1471 3344 1557 3486 ²Jtfit
1577 3348 1692 3439 Cbiijli

233 3462 365 3537 Wcarm
385 3474 495 3525 verani
516 3450 717 3521 obedientiam
733 3446 884 3541 spondei,
908 3468 945 3521 iit
954 3445 1046 3541 jara.
1093 3444 1234 3524 Nonne
1253 3450 1448 3525 ordinarias
1491 3448 1619 3540 lmihi
1629 3446 1693 3521 Su·

138 3614 143 3627 .
227 3546 448 3659 perimes,
489 3548 547 3642 qui
566 3548 666 3619 vices
684 3542 810 3619 Clirilli
831 3565 913 3642 erga
928 3542 986 3618 nie
1001 3547 1116 3643 gerit,
1154 3545 1266 3640 quiS.
1284 3546 1391 3621 Petro
1411 3546 1591 3637 succedit,
1630 3546 1691 3623 cui

228 3677 384 3743 omnes,
422 3650 455 3722 dr
479 3649 619 3743 singule
645 3666 738 3719 oves
762 3642 806 3718 ad
830 3644 1045 3741 pascendum
1069 3652 1246 3721 immediate
1266 3646 1404 3721 tradite
1427 3646 1594 3738 fuerunt,
1630 3648 1719 3721 cuis

227 3754 400 3861 potestas‘
418 3750 499 3823 data
525 3752 563 3849 in
587 3744 752 3819 universa
777 3757 872 3819 terra
892 3744 1065 3837 quidquid
1092 3746 1245 3842 ligandi,
1283 3744 1518 3837 sumendive,
1555 3747 1692 3841 quiex
1727 3756 1733 3765 '

229 3850 446 3935 oecunenici
464 3846 616 3921 Concilii
640 3845 884 3921 Lateranensis
895 3842 948 3917 lV
968 3841 1184 3921 definitione
1199 3848 1364 3921 ordinaria
1381 3847 1565 3940 potestatis
1581 3850 1618 3923 iii
1635 3862 1690 3921 to

228 3982 265 4037 ta
283 3950 441 4033 Ecclesia
458 3944 797 4042 primiscrinium,
834 3945 891 4018 cui
914 3964 1035 4019 veram
1057 3945 1254 4039 spondere,
1297 3945 1460 4037 deiurare
1478 3949 1585 4021 debui
1603 3951 1694 4021 obs·

228 4046 435 4135 dientiami
473 4050 532 4120 An
549 4045 673 4134 militi,
700 4042 758 4131 qui
777 4042 839 4116 sub
859 4045 1075 4117 centurione
1093 4044 1180 4135 stat,
1206 4046 1293 4119 nihil
1310 4051 1494 4123 iiniiieiliata
1513 4050 1688 4139 imperare

225 4153 353 4259 potest
370 4148 542 4248 generalis
561 4146 646 4218 Dux
663 4138 873 4243 eiicicitus?
914 4140 1013 4244 Quid
1035 4141 1106 4236 est,
1150 4144 1248 4238 quod
1269 4145 1467 4221 dilucularii
1484 4146 1594 4221 nostri
1612 4162 1689 4219 rein

228 4260 383 4336 cuilibet
401 4247 596 4345 proletario
615 4257 738 4317 notem
755 4244 792 4317 in
809 4242 882 4315 sola
897 4236 1055 4316 Ecclesia
1072 4293 1087 4333 ,
1126 4266 1203 4337 qun
1222 4243 1272 4319 est
1292 4247 1396 4319 velut
1411 4248 1505 4319 acies
1520 4248 1613 4341 bene
1627 4262 1689 4315 or·

227 4362 375 4442 dinato,
407 4368 484 4423 non
501 4341 677 4419 videant?
709 4340 840 4435 Siquis
857 4338 1057 4441 Episcopus
1073 4344 1286 4419 ordinariam
1303 4346 1341 4417 in
1356 4344 1415 4417 sua
1431 4342 1570 4417 dioecei
1585 4354 1687 4439 pote·

227 4460 356 4535 statem
374 4453 552 4543 abnegem
576 4443 674 4517 sorte
690 4440 870 4516 Parochus
889 4440 1050 4515 eamdem
1068 4444 1104 4515 in
1121 4448 1180 4516 iiiii
1197 4441 1368 4517 Parochia
1385 4440 1565 4539 Episcopo
1583 4462 1687 4538 nega-

227 4552 364 4635 nite-di
379 4548 534 4621 mundus
542 4542 703 4637 iudicet,
730 4544 808 4633 quis
826 4536 974 4615 caussam
992 4540 1086 4613 suain
1104 4564 1149 4617 eii
1169 4543 1240 4637 ipsa
1260 4542 1422 4632 ratione,
1448 4563 1492 4617 eit
1511 4544 1561 4615 rei
1580 4542 1688 4634 aequi·

228 4674 329 4748 tate,
363 4670 407 4729 eit
429 4650 598 4744 piimaeva
618 4640 865 4753 institutione,
898 4659 944 4739 ex
962 4637 1061 4714 sabbis
1080 4640 1277 4733 historicis,
1308 4640 1422 4734 iisque
1440 4642 1619 4739 publicis,
1650 4640 1697 4715 &-

1535 4759 1638 4838 9¹²8·

226 4878 563 4909 μή

311 4942 345 5025 ·)
365 4936 424 4997 lile
440 4936 613 5007 intelligitur
632 4929 800 4991 ordinarias
815 4930 905 5005 jure,
926 4944 986 4989 noir
1006 4926 1148 4989 exercitio
1164 4924 1350 5003 Palloraiui,
1370 4925 1453 4991 setus
1470 4928 1548 4990 enlin
1568 4926 1687 4991 certili·
1814 5000 1825 5007 ,

353 5038 401 5083 ine
418 5018 555 5097 Episcopi
576 5034 638 5081 non
657 5030 716 5077 tara
734 5014 835 5075 soient
851 5013 1100 5075 Paroclilanotitin
1118 5010 1287 5085 Ordierrii,
1309 5030 1396 5093 quim
1412 5013 1548 5083 suom.
