3942 6134
529 1102 579 1149 ‚·
690 1136 694 1141 ·
798 1086 1132 1169 ιιι-ἰηι-
1568 1118 1709 1201 ¹07,

238 1284 378 1371 valete,
402 1243 463 1355 sed
478 1274 669 1357 wenni
687 1278 761 1373 jam
774 1272 1036 1383 efficacitate,
1053 1276 1287 1369 ›irritantqun
1312 1296 1355 1353 ae
1369 1280 1515 1355 nullam.
1565 1280 1685 1377 itajue

235 1386 284 1459 tia
302 1378 513 1477 episcopalia
530 1376 788 1455 restauratores
807 1375 971 1452 hodierni
993 1374 1049 1465 (fl
1068 1375 1211 1469 Superis
1233 1376 1380 1473 placet)
1405 1378 1550 1473 scopum
1571 1382 1684 1457 confi·
1711 1366 1716 1381 ’

233 1484 365 1557 liomtn
391 1479 533 1553 suornm
553 1476 704 1576 attigisse
722 1478 784 1553 ibi
810 1475 1004 1564 videntur,
1027 1495 1231 1573 magnoque
1251 1478 1316 1553 stbi
1334 1476 1457 1573 plausu
1473 1479 1683 1573 adjubilant.

131 1650 136 1659 .
233 1579 306 1657 Sed
321 1579 493 1676 triumphi
507 1598 629 1694 penna
645 1594 730 1658 ante
746 1574 933 1653 visiotiam
945 1594 1092 1651 canunt.

109 1939 110 1980 l
376 1924 516 2005 Satisne
532 1930 632 2005 bona
648 1926 720 2004 lide
740 1926 801 2000 vel
818 1926 970 2021 prinum
988 1924 1060 2018 jani
1079 1922 1288 2019 principium
1310 1926 1459 2021 ponitur
1476 1926 1595 2003 verbis
1612 1926 1681 2005 hie

230 2046 273 2104 ce
291 2024 597 2121 indeterminans,
632 2025 897 2121 &equivocist
935 2024 1103 2099 Primatus
1124 2024 1307 2121 estpropter
1327 2030 1509 2101 unitatem?
1544 2028 1682 2141 Quieto

230 2148 273 2201 et
291 2127 395 2223 ipsis,
417 2148 524 2221 quam
539 2133 715 2205 unitatem
731 2126 951 2221 intelligant,
977 2142 1021 2197 an
1034 2118 1110 2209 fidei
1124 2134 1287 2215 tantum,
1313 2144 1357 2197 an
1374 2122 1553 2219 duplicem
1570 2130 1680 2219 tllatn,

109 2259 110 2288 ÷
228 2224 500 2319 quaeachristo
516 2232 552 2303 in
570 2230 628 2303 sua
644 2224 802 2301 Ecclefia
815 2222 976 2297 instituta
995 2220 1072 2312 est,
1111 2238 1182 2297 tant
1194 2220 1299 2317 fidei,
1337 2222 1681 2315 quamanimae

227 2322 431 2401 unitatem?
456 2328 491 2400 Si
509 2329 661 2423 primunt
677 2323 767 2401 illud
782 2325 893 2397 tacite
909 2323 1118 2413 intendant,
1145 2342 1192 2395 eo
1209 2322 1285 2417 ipso
1304 2320 1486 2405 manifesta
1501 2326 1571 2414 jam
1588 2322 1682 2419 ipso-

227 2444 308 2499 tum
321 2424 460 2506 inflatia
477 2426 550 2501 esi:
575 2423 733 2501 Christus
750 2425 845 2497 enim
863 2442 940 2515 nop
957 2420 1073 2496 solunt
1088 2420 1246 2515 ejusdem
1262 2416 1368 2512 fidei,
1395 2419 1451 2495 led
1470 2428 1576 2497 etlam
1593 2426 1683 2517 ejns-

158 2536 163 2541 “
231 2522 315 2599 dem
332 2523 547 2600 obedientia
563 2524 656 2601 suam
675 2524 796 2598 voluit
813 2518 883 2595 ess'e
899 2518 1060 2595 dileslant
1078 2518 1236 2614 sponsam
1253 2518 1359 2593 unius
1378 2520 1467 2609 viti,
1493 2518 1551 2595 seu
1569 2542 1682 2597 unum

229 2639 361 2719 eorpus
380 2624 443 2697 sub
462 2645 538 2701 uno
558 2621 708 2721 Capite,
742 2642 853 2697 unum
876 2623 976 2694 ovile
997 2618 1059 2695 sub
1081 2640 1155 2695 uno
1175 2616 1332 2695 Pastore.
1383 2616 1425 2691 ln
1447 2620 1583 2711 altero,
1619 2641 1681 2694 eo·

224 2738 299 2813 que
319 2722 464 2820 integro
485 2740 625 2801 tantum
648 2722 748 2799 sensu
767 2719 909 2795 firmum
930 2718 997 2795 si'at
1015 2718 1087 2793 ho'c
1108 2720 1341 2813 principium:
1369 2714 1536 2792 Primatus
1553 2716 1683 2795 a'Ciri·
1789 2768 1793 2773 -

216 2822 267 2915 lio
283 2822 522 2917 infisutnsest,
546 2840 583 2899 ut
599 2848 664 2899 tana
675 2832 710 2897 in
723 2817 812 2916 fide,
838 2820 883 2905 δ’
901 2824 1070 2894 obedientia
1089 2814 1337 2909 Christianorum
1344 2817 1389 2909 fit
1403 2816 1548 2917 Ecclesia.
1601 2818 1681 2915 Jatn
1709 2816 1713 2823 ’

221 2940 319 2995 veto
339 2922 502 3020 principii
522 2925 679 2997 veritate
698 2924 809 3015 pleno
829 2919 867 2993 in
887 2920 1021 2993 lumine
1043 2918 1177 3013 posita,
1203 2938 1328 2990 nonne
1346 2920 1383 3011 in
1401 2920 1523 3007 aprico
1544 2914 1595 2990 est
1615 2940 1681 2993 nu·

219 3018 266 3094 da
294 3018 560 3113 consequentia
579 3022 730 3112 falsitas,
762 3040 835 3115 ergo
855 3018 947 3115 Papa
967 3021 1047 3091 aiiii
1063 3018 1180 3114 potest,
1211 3019 1292 3111 quoti
1309 3018 1351 3089 tel
1369 3022 1520 3089 unitatem
1543 3040 1604 3090 non
1626 3039 1681 3092 ne·

218 3114 420 3216 teffarlttnt?
451 3122 573 3222 Quam
596 3120 673 3194 haee
692 3121 811 3193 inania
831 3114 866 3188 ἅ
885 3112 1024 3189 fallacia
1045 3118 1173 3189 verba!
1208 3114 1262 3187 lta
1281 3118 1403 3209 potius
1424 3114 1598 3189 debuisset
1617 3112 1682 3189 fie-

216 3222 250 3291 ti
265 3212 477 3303 conclusio,
500 3240 594 3309 erga,
617 3242 689 3290 enm
705 3220 798 3311 Papa
816 3223 971 3305 imperat,
994 3210 1158 3309 neteffnia
1170 3216 1365 3285 oltdimtiutn
1381 3214 1435 3307 ess.
1487 3212 1562 3307 ipsa
1583 3216 1680 3291 enim

219 3312 440 3387 obedientia
461 3313 505 3409 ad
526 3312 701 3387 unitatem
723 3331 743 3385 a
761 3306 906 3411 Chtisto
925 3307 1119 3385 institutam
1142 3308 1330 3385 neceffaria
1352 3310 1427 3387 est:
1448 3312 1532 3387 hinc
1552 3324 1681 3389 otnnea

220 3412 299 3487 suas
321 3405 451 3482 fideles
467 3414 632 3485 oviculas
648 3410 756 3486 Petro
775 3406 932 3487 litbtiitas
952 3408 1023 3486 effe
1039 3411 1179 3504 voluit,
1206 3410 1264 3485 eui
1282 3398 1347 3487 soli
1363 3413 1422 3506 jut
1441 3426 1560 3489 totum
1576 3416 1678 3489 ovile

111 3509 112 3602 l
221 3506 392 3607 pascendi
409 3508 526 3613 dedit:
551 3510 651 3609 Pcffct
666 3531 741 3587 ates
757 3530 855 3587 meat.
937 3522 941 3530 ’
1268 3555 1270 3563 ,

111 3615 112 3673 ψ
878 3608 1075 3808 Μ’

385 3792 898 3924 Miseretntesaontinntn,qtti
912 3830 1037 3907 nestro
1050 3830 1224 3907 illustrato
1238 3828 1360 3907 seculo
1373 3832 1590 3931 perspicaces
1605 3856 1678 3932 pne

225 3928 412 4023 tornientn
427 3934 544 4007 oculis
561 3930 776 4018 videantur,
796 3933 890 4005 citea
906 3952 963 4005 tet
979 3946 1100 4007 tamen
1116 3932 1256 4005 divinat
1281 3932 1402 4007 hebeti
1420 3934 1513 4009 adeo
1529 3938 1627 4025 visu,
1642 3936 1678 4009 lit

112 4125 113 4130 ἵ
224 4050 377 4123 myopet
390 4030 468 4105 lint.
504 4032 623 4107 Nonne
640 4030 849 4125 Princepsefi
868 4046 994 4129 prepter
1016 4034 1129 4105 innunt
1145 4032 1479 4131 rapallicaestatum?
1512 4034 1679 4134 Quid,ss
1768 4056 1773 4065 “

112 4183 113 4188 a
226 4133 302 4219 quis
315 4150 364 4204 ex
376 4130 450 4203 hoc
463 4132 640 4225 principio
653 4128 803 4221 sequena
817 4130 930 4203 vellet
942 4134 1084 4205 axioma
1094 4128 1266 4220 statuere,
1279 4149 1353 4225 erga
1365 4132 1516 4233 Princeps
1528 4138 1607 4208 aiiii
1617 4139 1680 4207 im·

226 4244 336 4325 ptum
353 4232 473 4325 peteli,
484 4230 553 4323 ,sine
573 4254 633 4325 quo
655 4232 755 4303 itaut
773 4230 947 4325 reipublice
954 4230 1064 4322 statut
1083 4233 1181 4308 odiat
1189 4228 1353 4326 stisfiete
1366 4234 1476 4329 potest.
1511 4230 1597 4305 Nae!
1614 4229 1681 4305 iste

113 4397 115 4434 ἱ
227 4324 718 4419 consequentiatiuainsanite
735 4324 930 4401 videretur.
976 4327 1211 4403 Sanaeatttetn
1224 4331 1372 4405 tationit
1385 4330 1549 4405 hontinea
1562 4332 1611 4403 ita
1628 4350 1681 4403 ar·
1768 4366 1771 4371 ·

227 4440 499 4519 gumentantutt
524 4426 628 4519 „Cui
645 4425 727 4501 finit
747 4427 1005 4519 committitur,
1033 4426 1118 4503 huic
1133 4426 1165 4502 ἀ
1181 4432 1240 4521 jna
1256 4428 1298 4501 ad
1313 4428 1430 4505 media
1444 4428 1559 4503 tlatttt.
1584 4424 1680 4503 Cum

223 4544 340 4621 „ergo
353 4547 446 4601 unna
460 4524 724 4619 litl'tinceptin
734 4528 941 4619 republica,
954 4547 1036 4603 cum
1050 4548 1143 4602 unua
1155 4528 1198 4603 fit
1211 4524 1303 4621 Papa
1316 4530 1351 4599 in
1364 4526 1541 4619 Ecclefia,
1556 4540 1598 4600 ut
1609 4528 1678 4601 hae

228 4625 394 4711 „unitate
410 4627 538 4719 capitia
553 4628 615 4700 ille
629 4627 834 4719 reipublice
846 4629 989 4701 bonum·
1000 4648 1215 4715 commune,
1231 4626 1290 4701 hie
1304 4623 1471 4703 Rectene
1485 4642 1679 4723 procureta

227 4724 398 4815 „utrique
408 4727 463 4819 jue
475 4722 583 4799 estad
598 4722 716 4801 media
730 4723 961 4820 imperanda,
977 4744 1093 4820 eaque
1108 4748 1184 4803 non
1198 4741 1337 4799 tantum
1350 4726 1511 4801 absolute
1526 4724 1683 4801 necessa·

225 4820 1682 5026 anitnntattnttnttntinniente
1827 4830 1829 4835 ’

115 4969 116 5022 3
434 4972 449 5019 θ
1605 4976 1618 5013 a

115 5047 116 5052 Ν
382 5067 386 5074 -
904 5022 991 5105 02
1342 5062 1356 5097 a
1529 5042 1628 5103 -non

115 5125 116 5160 l
1106 5139 1113 5157 t

115 5173 116 5263 l

115 5267 121 5352 l

427 5390 466 5439 ρ
545 5393 549 5400 ’
644 5408 656 5427 ο
