3942 6134
784 1109 1120 1164 ²¹¹*—
1406 1075 1410 1084 ‘
1563 1083 1724 1186 ψ’»
1809 1193 1815 1201 .

121 1243 127 1251 ’
222 1287 319 1346 vero
335 1264 521 1366 pretiosa,
566 1283 646 1358 que
662 1282 710 1338 ex
726 1261 786 1336 issa
801 1255 907 1336 aurea
921 1272 1029 1336 etate
1045 1253 1204 1350 restant,
1245 1215 1481 1342 monumenta
1497 1267 1684 1364 testantur,

102 1446 103 1449 a
223 1390 331 1466 quam
347 1385 474 1442 tenera
492 1362 735 1440 sollicitudine
748 1359 918 1456 Episcopi
933 1363 971 1435 in
985 1361 1094 1434 rebus
1111 1359 1253 1450 dubiis,
1293 1377 1355 1436 aut
1373 1363 1598 1458 difficilibus,
1635 1389 1685 1446 no

228 1469 319 1563 quid
344 1483 482 1542 temere
505 1461 750 1558 susciperent,
796 1459 975 1550 modam,
1026 1460 1061 1532 tit
1086 1456 1318 1552 apostolicam
1348 1460 1443 1536 Petri
1470 1453 1700 1546 cathedram,
1750 1489 1756 1494 ·
1792 1539 1795 1546 .

223 1567 489 1644 consuluerint.
537 1561 642 1637 Plura
660 1557 967 1652 antiquissimarum
983 1561 1199 1632 relationum
1217 1563 1381 1654 exempla
1395 1561 1466 1652 J'am
1484 1566 1685 1656 praeceden-

224 1670 255 1740 ti
285 1663 495 1738 Corollaria
520 1666 594 1756 §.r
628 1657 912 1736 eaAEoussantio
941 1660 1066 1745 attuli,
1103 1679 1182 1751 que
1211 1659 1338 1732 iterum
1370 1675 1535 1751 repetere
1566 1663 1685 1757 super.
1721 1691 1724 1698 ¹

222 1765 343 1840 fluum
368 1763 490 1841 soreta
527 1774 666 1835 tantum
700 1780 746 1832 ex
775 1755 934 1848 ejusdem
960 1755 1055 1830 baud
1084 1755 1227 1849 suspesii
1252 1757 1444 1853 scriptoris
1470 1757 1706 1855 Praefationes

220 1884 307 1961 pag.
321 1879 371 1958 29
390 1861 570 1953 sequentia
594 1855 781 1932 exscribo:
813 1853 1055 1950 „Apostolica
1075 1855 1185 1929 Sedet
1208 1855 1390 1948 undique,
1427 1877 1497 1932 nec
1516 1861 1560 1933 ab
1578 1857 1688 1935 Occi·

221 1965 370 2057 „dente
390 1957 527 2049 solum,
550 1953 611 2032 sed
632 1955 666 2028 st
686 1955 732 2030 ab
754 1953 909 2029 Oriente
930 1953 1048 2028 arduis
1069 1953 1110 2039 ,in
1130 1956 1238 2030 rebus
1258 1955 1529 2048 consulebatur,
1554 1962 1607 2032 uti
1630 1963 1684 2034 lo·

220 2061 380 2156 „cupler
400 2057 499 2140 testis
517 2053 569 2130 est
586 2051 850 2150 Hieronymus,
876 2053 937 2146 qui
954 2073 1036 2126 cum
1056 2051 1209 2153 Romam
1227 2049 1399 2146 venisset,
1426 2056 1462 2128 id
1480 2055 1540 2138 sibi
1559 2079 1688 2134 mune

222 2163 301 2253 „ris
324 2156 521 2252 injuncium
538 2150 679 2245 scribit,
710 2169 748 2227 ut
762 2159 797 2227 im
818 2155 943 2227 tuoto
957 2151 1161 2244 accusasicis
1168 2156 1303 2248 juvaret
1321 2155 1516 2250 Damasum,
1548 2177 1687 2253 rumano

222 2256 348 2352 „urbis
367 2257 577 2358 Episcopum,
615 2253 661 2338 δ’
688 2253 831 2326 murto
855 2266 950 2346 atque
978 2253 1158 2326 Occidentis
1184 2253 1457 2346 cmfiadtatimibur
1481 2255 1685 2354 responderet

219 2355 390 2450 „Antissa
404 2353 549 2448 quidem
564 2347 780 2425 Pontificum
799 2371 948 2440 eorum,
973 2352 1033 2440 qui
1054 2363 1137 2422 ante
1155 2348 1341 2424 Damasum
1361 2351 1525 2442 suerunt,
1553 2353 1686 2430 defide-

219 2472 381 2552 „rantur
397 2457 550 2549 plurima
569 2450 606 2522 id
627 2469 741 2546 genua
765 2447 949 2543 responsa,
985 2447 1045 2522 sed
1065 2466 1142 2539 quor
1164 2445 1367 2550 supersunt,
1405 2451 1479 2526 hec
1501 2471 1599 2546 certe
1624 2457 1686 2528 ab·

221 2554 356 2649 „unde
376 2555 533 2647 probant
553 2551 612 2624 ves
634 2550 755 2644 primis
774 2551 882 2623 etiam
897 2545 1064 2623 Ecctefie
1087 2547 1211 2620 seculis
1234 2540 1379 2643 viguisse
1402 2551 1606 2644 apostolice
1624 2555 1686 2628 Se·
1765 2619 1770 2628 .

222 2655 310 2748 „dir
335 2651 562 2742 consulenda
584 2652 764 2722 morem.“
812 2647 911 2724 Dein
934 2645 1234 2721 Constantius-ex
1260 2650 1389 2721 litteris
1411 2647 1574 2743 Dionysii
1599 2652 1685 2726 Ale·

220 2753 395 2845 xandrini
423 2747 579 2824 Presulir
605 2747 650 2822 ad
675 2740 813 2822 xistum
840 2746 918 2822 haec
947 2743 1077 2820 refert:
1114 2743 1193 2818 Vere'
1220 2754 1354 2836 atenim,
1388 2747 1526 2823 Frater!
1564 2752 1687 2846 consido

186 2927 190 2934 ,
220 2872 303 2952 opus
329 2855 447 2939 bader,
481 2849 525 2934 Β
537 2850 727 2944 senteutiam
750 2861 881 2942 expeto,
916 2868 955 2920 ae
970 2843 1061 2938 sorte
1081 2847 1262 2918 dauadner.
1314 2843 1350 2918 Si
1374 2844 1492 2929 dubiis
1513 2851 1550 2923 in
1576 2857 1685 2926 rebut

220 2965 332 3028 tanta
350 2950 420 3024 suit
440 2945 637 3022 sansiorum
657 2948 801 3020 illorum
822 2942 1008 3020 Praesusum
1027 2944 1210 3034 anxietas,
1238 2947 1314 3036 quis
1336 2944 1458 3018 credat
1478 2948 1580 3022 ausos
1604 2945 1687 3024 suis·

223 3051 261 3131 se
282 3047 404 3145 perse
421 3047 537 3134 soloe,
570 3043 776 3126 inconsulto
793 3041 991 3134 Pontifice,
1026 3041 1152 3116 &fine
1171 3060 1321 3138 urgente
1341 3041 1544 3124 necessitate
1566 3051 1685 3148 segem

222 3148 400 3227 uenena
415 3142 657 3236 manifestam,
677 3164 828 3239 eamque
844 3143 1080 3220 universalem
1095 3139 1285 3241 relaxares
1307 3191 1351 3210 ..
1376 3191 1420 3210 ..

382 3505 459 3603 Jam
480 3501 525 3578 ad
546 3503 729 3603 singularia
749 3355 1049 3600 urspensJooigm
1070 3503 1244 3600 exempta.
1293 3499 1464 3582 seeundo
1486 3499 1606 3606 secuso
1627 3501 1690 3584 sas·

228 3629 332 3699 tem,
355 3621 399 3681 ut
418 3609 487 3703 ego
505 3606 647 3696 quidem
669 3603 855 3696 existimo,
880 3605 1015 3700 infigne
1038 3605 1216 3696 quoddam
1244 3604 1428 3702 vestigium
1449 3605 1628 3700 occuirit,
1653 3605 1688 3682 sit

183 3707 379 3879 “¹⁰¹⁶ii‘
405 3701 1691 3882 usitssttsssst‘udsiit,itsffi‘dissd'iratis:

229 3829 309 3982 fg
325 3825 502 3994 ostiarium
516 3826 649 3996 iudai:
664 3903 750 3976 lona
768 3901 842 3998 ipsa
858 3901 997 3978 decima
1015 3919 1137 3996 quarta
1154 3845 1280 3976 mensio
1299 3907 1426 3997 primi,
1469 3904 1527 3978 sed
1547 3903 1605 3978 die
1627 3907 1691 3979 do·

230 4007 367 4124 minica
384 4002 553 4115 proxime
565 3999 774 4091 insequente
790 4003 986 4120 celebrare..
1028 4001 1069 4080 In
1087 4001 1262 4118 Ephefina
1282 4017 1414 4096 autem,
1440 4001 1689 4095 aliisqueAsiae

228 4096 1689 4296 usittiss{siustrcsssitt‘tstt‘susdtitieidus?,irrisit

231 4305 399 4390 Aniceto
415 4295 452 4369 P.
473 4297 729 4390 supervixerat
781 4297 839 4371 De
859 4297 925 4370 hac
948 4299 1110 4374 Asiatico
1128 4297 1294 4372 Eccsefiae
1316 4323 1335 4400 a
1357 4303 1500 4392 reliquit
1522 4297 1691 4376 differem
1786 4338 1791 4348 1

231 4406 282 4476 tia
305 4395 452 4492 quatuo
473 4397 542 4471 suit
561 4413 661 4470 mota
684 4399 837 4470 volente
858 4393 1057 4487 Pontificc,
1090 4412 1138 4483 ¹ut
1157 4397 1275 4502 Asiani
1298 4397 1470 4474 Romania
1487 4397 1525 4488 se
1546 4400 1691 4474 consor.

231 4513 389 4576 natent.
441 4497 688 4598 Quamobrem
705 4491 1020 4585 testibuelrenaeo,
1047 4493 1292 4588 Hieronymo,
1318 4491 1526 4572 &Eusebio
1540 4493 1575 4570 S.
1588 4501 1692 4592 rosv,-

235 4609 375 4692 rarpue'
389 4595 543 4670 Romam
567 4593 777 4686 contendit,
811 4597 880 4669 sue
902 4593 1143 4671 observantie
1162 4593 1357 4688 apostolice
1375 4595 1566 4692 uJoannis
1588 4599 1693 4673 tradi.

202 4697 341 4771 ‘tione
369 4695 519 4769 suffultat
546 4697 722 4769 rationem
753 4693 982 4783 redditurur,
1024 4698 1283 4787 eamdemque,
1324 4709 1365 4768 ut
1393 4699 1563 4789 putabar,
1599 4703 1693 4782 tanti
1746 4691 1750 4702 ’
1811 4747 1818 4756 -

232 4792 406 4889 Apostou
424 4794 657 4868 Autboritate
679 4783 845 4868 Pontifici
867 4794 1101 4888 persuasurus.
1150 4795 1295 4869 Revera
1314 4789 1502 4884 Pontifex,
1540 4797 1601 4872 em
1619 4797 1693 4873 Rc·

235 4915 404 4989 manum,
427 4884 897 5050 aliarumquebcclebarum
916 4874 1151 5074 ιὲιξιίοῃςιέ
1161 4894 1694 5096 Αῦιῑῐςίεφτεροηὲἔιεῗιέἐη.
