3942 6134
1100 1073 1143 1085 v-

302 1013 434 1162 ate
681 1132 689 1138 .
775 1091 1144 1138 man-n

277 1243 492 1336 Curialistae,
516 1247 574 1341 qui
592 1243 713 1324 summi
730 1247 912 1326 Pontificio
925 1249 1138 1338 Primatum,
1161 1243 1226 1322 etsi
1241 1243 1416 1320 divinitus
1432 1239 1654 1333 institutum,
1679 1247 1725 1317 ab

280 1347 418 1436 aliquot
435 1347 563 1422 abhinc
580 1351 679 1422 anuis
699 1363 770 1422 tam
788 1352 958 1424 inermem
979 1349 1126 1436 secere,
1152 1367 1222 1420 nec
1241 1367 1316 1421 uon
1335 1345 1368 1417 dt
1384 1341 1643 1438 despcstihilem
1658 1361 1725 1416 co.-

279 1449 353 1522 nati
374 1443 475 1537 sunt,
512 1445 604 1520 haud
626 1469 716 1544 egre
737 1446 875 1536 ferant,
915 1448 938 1520 st
963 1446 1117 1538 ipsorum
1139 1446 1313 1540 principia
1332 1443 1608 1538 amplectentes,
1640 1438 1728 1531 E'pi·

280 1541 470 1638 scoporum
495 1545 657 1620 omnium
690 1545 977 1639 (excepto-uno
1001 1543 1159 1639 Capite)
1193 1543 1393 1619 discrimen,
1409 1545 1590 1635 cupiamus
1617 1539 1730 1612 subla·

281 1658 383 1730 tum,
429 1643 600 1716 &minus
626 1629 849 1718 necessariam
877 1643 1000 1716 nostro
1026 1665 1107 1716 aevo
1131 1641 1333 1737 judicemus
1364 1637 1731 1733 Archiepiscoporum

282 1741 439 1814 humano
461 1744 629 1831 arbitrio,
667 1741 864 1833 &quidem
882 1747 1035 1816 maxime
1057 1741 1269 1834 pontificio,
1306 1739 1502 1814 institutam
1518 1738 1734 1830 iurisdietio-

265 1835 385 1927 nem,
425 1844 601 1932 precipue
627 1861 706 1912 cum
733 1858 884 1913 exemtae
906 1839 1085 1916 Dioeceses
1110 1863 1187 1915 non
1212 1846 1329 1912 minus
1353 1839 1508 1912 feliciter
1534 1834 1734 1928 subsistant,

283 1959 387 2030 quam
406 1937 692 2031 Archiepiscopis
710 1937 892 2036 subpetat,
934 1959 996 2016 aut
1016 1939 1250 2016 fortunula
1268 1940 1406 2025 miuus,
1438 1955 1552 2030 ‚quam
1568 1933 1642 2009 iste
1660 1954 1740 2032 gra·

286 2041 467 2114 vaminum
485 2035 616 2114 caussas
633 2038 798 2116 habeant.
833 2103 836 2110 ,
877 2126 878 2132 p
1444 2051 1448 2060 '

831 2250 835 2262 ’
959 2221 1068 2337 sl·

436 2358 632 2458 Appellare
654 2383 719 2458 per
738 2363 871 2440 medias
894 2359 1074 2438 instantias
1094 2352 1220 2438 res'est
1241 2357 1500 2454 antiquisfimis‚
1543 2357 1741 2454 primisque

289 2455 491 2534 Christianis
511 2463 602 2536 adeo
622 2483 697 2537 nou
713 2465 958 2552 conveniens,
988 2480 1029 2536 ut
1047 2461 1091 2536 ad
1108 2465 1188 2539 lites
1205 2467 1299 2538 inter
1315 2462 1349 2536 se
1369 2463 1576 2551 celerrime,
1604 2464 1739 2553 viaque

289 2557 488 2632 brevissima
509 2559 683 2634 finiendas
709 2585 756 2634 ne
777 2563 977 2635 ordinarios
1000 2561 1143 2654 quidem
1166 2560 1247 2635 suos
1266 2562 1405 2655 judices
1423 2563 1537 2632 laicos
1553 2562 1593 2633 iu
1614 2555 1739 2634 eauffis

217 2741 220 2748 A
290 2659 483 2750 prophanis
504 2659 661 2745 adirent,
695 2658 851 2733 sedilios
877 2663 1004 2752 <certe
1023 2662 1094 2734 stne
1114 2664 1284 2754 piaculo)
1310 2659 1554 2748 declinarent,
1588 2656 1738 2750 caussas,

289 2753 315 2828 st
338 2775 422 2846 quas
438 2757 633 2846 habereut,
658 2749 702 2829 ad
721 2755 878 2832 Pastores
901 2757 981 2832 suos
1001 2757 1218 2834 deferentes.
1268 2758 1333 2854 Jus
1351 2780 1444 2831 vero
1463 2755 1739 2831 ecclesrasticum

292 2873 507 2946 commune,
534 2854 660 2930 omisso
682 2855 852 2932 inferiore
864 2857 1009 2950 judice,
1034 2857 1078 2930 ad
1096 2855 1247 2953 Papam,
1272 2871 1450 2949 tamquam
1471 2855 1672 2953 supremum
1683 2857 1740 2946 ju·

293 2951 407 3026 dicem
426 2956 519 3030 viam
537 2951 817 3048 appellationum
838 2959 918 3028 vult
935 2956 1072 3051 semper
1088 2957 1157 3033 esse
1176 2958 1307 3030 debere
1325 2973 1495 3050 apertam.
1544 2955 1602 3030 De
1619 2955 1740 3050 appel·

292 3053 353 3124 lat.
373 3050 458 3145 Cap.
472 3075 517 3145 7:
553 3059 590 3128 Si
607 3057 735 3130 dathus.
787 3053 1070 3140 Hiccommune
1088 3059 1145 3149 jus
1166 3058 1320 3150 sequitur
1340 3057 1427 3129 illud
1448 3071 1601 3144 naturae,
1636 3051 1739 3146 quod

294 3149 411 3246 presso
433 3151 572 3226 subdito
594 3155 687 3228 viam
711 3156 754 3228 ad
775 3155 886 3250 ipsum
907 3151 1106 3250 Principem
1128 3161 1208 3230 vult
1229 3157 1364 3250 semper
1384 3173 1518 3248 patere.
1569 3151 1739 3228 Enimve-

293 3270 357 3340 ro,
383 3252 481 3342 quod
503 3253 563 3345 ipsr
583 3253 773 3328 Curialislae
790 3252 1109 3350 archiepiscopales
1125 3259 1197 3350 jam
1220 3254 1569 3343 animaduerterunt,
1595 3252 1739 3344 aspiri·

295 3359 335 3420 tu
357 3353 461 3422 bonae
486 3352 610 3424 Matris
629 3351 793 3429 Eccleuae
815 3355 963 3440 ,videtur
982 3361 1160 3448 alienum,
1193 3377 1257 3450 per
1278 3372 1371 3444 tres,
1405 3367 1609 3446 quatuorve
1630 3352 1739 3425 etiam

295 3445 476 3542 instantias
500 3447 640 3524 suorum
668 3451 888 3528 subditorum
912 3453 1044 3530 caussas
1065 3478 1132 3552 pro
1157 3453 1406 3545 consequenda
1431 3453 1524 3526 adeo
1548 3449 1739 3527 difficulter

291 3543 425 3638 justitia
445 3547 584 3623 trahere
605 3571 685 3627 cum
706 3573 837 3654 magno
858 3556 1052 3651 temporis,
1078 3555 1361 3652 &pecuniarum
1382 3549 1577 3650 dispendio.

974 3733 1084 3850 §8-

393 3873 423 3942 ',
445 3867 498 3946 Ea
518 3871 660 3949 demum
679 3875 816 3969 juribus
837 3873 1054 3968 conformis,
1082 3877 1115 3950 de
1137 3877 1384 3953 immemoriali
1405 3876 1451 3950 ab
1470 3895 1553 3949 aevo
1577 3875 1741 3950 observa·

299 3978 334 4040 ta
357 3965 526 4046 Nationis
545 3972 672 4048 nostre
694 3978 810 4069 praxis
832 3975 903 4067 est,
940 3975 1239 4072 &consuetudo,
1275 3986 1320 4054 ah
1340 3975 1522 4052 ordinario
1536 3977 1661 4068 judice
1683 3987 1743 4048 aut

300 4065 344 4140 ad
364 4071 470 4166 ipsam
493 4092 673 4146 romanam
697 4075 820 4150 summi
840 4073 1025 4151 Pontificis
1047 4075 1176 4170 Sedcm
1199 4077 1402 4152 immediate
1424 4075 1643 4171 confugere,
1682 4087 1743 4146 aut

300 4172 398 4260 quod
419 4167 570 4244 Nationi
600 4172 727 4246 nostrae
750 4177 866 4248 multo
882 4177 1180 4272 compendiosius
1206 4169 1257 4252 est
1283 4179 1498 4270 utiliusque,
1530 4174 1577 4250 ad
1600 4169 1742 4272 pontifi·

301 4270 389 4344 ciam
414 4272 449 4343 in
478 4267 635 4345 Partibus
662 4277 957 4369 Delegationem,
998 4299 1102 4368 quam
1130 4276 1385 4350 Nuntiaturam
1411 4296 1597 4350 vocamus.
1646 4270 1744 4344 Huic
1884 4338 1885 4343 r

303 4387 347 4440 ex
370 4373 555 4463 tranquilla
581 4373 805 4448 observantia
829 4375 1090 4468 appellationes
1110 4381 1147 4450 in
1168 4374 1320 4450 secunda
1340 4374 1504 4450 instantia
1522 4381 1627 4458 litiae,
1658 4389 1741 4458 pon
1784 4449 1790 4464 ι

303 4486 377 4543 non
396 4485 513 4542 tamen
530 4468 692 4568 accusarit
709 4473 802 4568 apud
820 4494 887 4548 nos
906 4473 1035 4548 deserri
1051 4495 1107 4548 res
1122 4475 1306 4550 manifesta
1322 4473 1393 4562 est,
1429 4473 1453 4547 fi
1472 4469 1742 4547 recentissimam

302 4565 650 4663 archiepiscopalium
670 4570 928 4648 Curialistarum
950 4575 1050 4648 litem
1067 4577 1235 4673 excipias.
1287 4573 1384 4648 idem
1404 4575 1545 4670 insignis
1566 4575 1662 4644 inter
1681 4585 1744 4642 uo·

300 4663 389 4738 stros
407 4667 492 4770 juris
515 4671 735 4746 ecclesiastici
759 4671 1061 4764 Douorhnton.
1072 4672 1232 4748 Schmidt
1252 4673 1398 4748 testatur
1411 4673 1480 4769 ’ἢκ
1505 4669 1582 4764 „Hi
1611 4667 1745 4764 (Nun-

301 4765 396 4853 „rli)
423 4783 496 4836 non
523 4785 719 4859 exercent,
759 4769 822 4844 nist
845 4773 1012 4862 quasdam
1036 4773 1227 4868 facultates
1252 4771 1491 4848 Concordatis
1514 4769 1642 4847 nostris
1666 4783 1740 4840 non

1542 4953 1547 4959 ¹
1580 4884 1693 4959 „con-

300 4963 970 4988 mnu-..mm

382 5001 415 5089 ²2
439 4996 527 5054 lnllir.
541 4999 599 5071 jur.
618 5001 719 5058 eccles.
740 5013 867 5072 gertnan.
883 5003 972 5068 'surm
985 5023 1022 5078 1,
1043 5021 1062 5079 p
1081 5020 1154 5082 224·
