3942 6134
108 1370 110 1431 l

764 1124 1293 1210 inauratarum-rm¹
1457 1114 1768 1237 ,ὤμ’

209 1276 408 1376 canolii,
433 1292 535 1379 uno
553 1282 638 1377 'iam'
663 1236 917 1378 montetum.
993 1282 1049 1359 Ut
1075 1289 1166 1366 tanti
1204 1294 1382 1373 momenti
1411 1300 1657 1397 testimonium

108 1440 109 1473 ³
210 1400 396 1461 mearet
413 1388 575 1461 larvatus
591 1384 755 1475 Author,
789 1382 863 1463 duo
884 1386 1061 1461 commitit
1070 1387 1181 1489 suda,
1214 1412 1327 1470 unum
1349 1417 1477 1476 contra
1498 1407 1580 1485 fatti
1601 1415 1679 1493 ht..

108 1550 109 1575 ,
206 1469 368 1573 tonan,
406 1487 559 1561 alterium
576 1500 704 1560 contra
723 1484 888 1559 formalia
907 1485 1118 1562 documenti
1137 1495 1259 1567 verba.
1307 1494 1432 1591 ltaque
1452 1508 1501 1578 ait
1520 1512 1653 1613 Defenfi

204 1576 249 1659 Τ.
262 1600 314 1669 a,
342 1606 378 1679 p.
394 1606 465 1678 23,
484 1583 749 1679 Eutychianam
774 1586 868 1660 hanc
890 1584 1041 1660 caeliam
1061 1587 1164 1664 sellie
1182 1608 1323 1689 mertam
1343 1601 1387 1682 ld
1400 1606 1550 1697 planam,
1573 1632 1654 1706 pau·

204 1706 251 1757 ear
270 1688 373 1759 mter
386 1688 568 1782 federare,
592 1709 700 1781 eosque
716 1683 875 1784 obscures,
898 1710 954 1761 nee
970 1695 1080 1779 magni
1093 1697 1239 1768 nominu-
1291 1697 1383 1799 Qute
1399 1700 1531 1796 singula
1547 1710 1654 1790 hillo·

204 1784 281 1857 rice
296 1782 391 1857 falsa.
423 1785 426 1794 ‘
453 1782 613 1861 Vixdum
633 1786 798 1863 damnata
818 1782 977 1861 Nestorii
1001 1786 1161 1865 delitiae
1177 1794 1327 1887 multis,
1366 1806 1546 1896 praecipue
1565 1810 1662 1888 Ale..

108 1876 110 1977 ζ
202 1882 381 1957 mdalnae
398 1882 625 1975 Dimcesee'r‚
647 1882 1009 1977 &emundatione
1025 1890 1285 1968 ultramodum
1307 1897 1529 2005 tenaciffimia
1552 1912 1652 1985 vide·

108 1990 109 1995 ‘
203 1984 306 2055 emur
321 1976 568 2059 difficillimum
590 2003 695 2059 unam
713 1986 751 2057 in
767 1982 908 2067 Christo
929 1985 1117 2078 personam
1142 1992 1335 2087 agnoscere
1356 2016 1565 2083 remanente
1589 2012 1653 2086 du·

203 2082 307 2176 plici,
337 2102 452 2175 eaque
470 2082 630 2166 distinet
647 2100 790 2159 natura:
821 2083 915 2159 hanc
932 2084 1176 2163 difficultatem
1197 2094 1234 2164 in
1251 2092 1536 2179 Chalcedonenfi
1560 2131 1649 2187 con·

108 2178 110 2273 l
202 2181 477 2273 ventu-quidam
504 2174 621 2259 adedo
642 2181 810 2288 Episcopi
836 2182 1111 2279 proposuerunt
1161 2191 1224 2263 Ad
1247 2192 1323 2269 hcc
1342 2194 1527 2292 Eutyches
1548 2207 1662 2288 Com·

201 2279 539 2375 stantinepolitanua
556 2282 866 2374 Archimandrita,
899 2282 1025 2373 idest,
1062 2284 1350 2387 Menaenorum,
1385 2320 1538 2389 quorum
1559 2305 1649 2397 terrr‘e

199 2380 232 2453 in
250 2378 404 2454 Oriente
421 2379 555 2457 summa
577 2397 653 2457 erat
672 2382 878 2475 estimatio,
903 2382 1124 2461 Archiabbas
1143 2391 1181 2463 in
1199 2388 1350 2486 synodo
1369 2397 1548 2491 Ephesrna'
1562 2430 1649 2489 con·

198 2494 250 2554 tro
265 2476 472 2557 Nestorium
491 2502 652 2581 magnam
670 2482 732 2563 irbi
752 2482 1007 2558 authoritatem
1026 2504 1242 2581 pepererat,
1292 2506 1469 2589 tamquam
1487 2500 1571 2584 fidei
1591 2533 1648 2588 ca·
1719 2584 1726 2597 ,

198 2581 340 2653 thelica
369 2585 558 2675 columna,
592 2584 641 2657 ita
663 2588 706 2656 ut
728 2605 794 2677 per
816 2580 952 2657 litteras
971 2568 1106 2658 [eoois
1122 2586 1161 2661 P.
1186 2590 1321 2667 laudari
1343 2594 1378 2669 dt
1401 2607 1648 2688 commendari

109 2720 110 2725 Ν
194 2695 401 2757 mereatur.
455 2682 650 2780 ltinsuper
670 2685 812 2779 potenti
837 2685 1039 2773 patrocinio
1058 2687 1269 2782 Magnarum
1288 2696 1327 2771 in
1348 2700 1646 2798 aula'imperato·

108 2780 110 2785 ’
197 2784 266 2873 ria,
302 2770 403 2855 dt'ut
431 2781 597 2874 videtur,
625 2786 703 2875 jam
725 2780 912 2881 manifesto
940 2780 1109 2859 Dioscuri
1130 2788 1388 2887 Alexandrini,
1420 2802 1645 2903 aliorumque

195 2876 454 2975 Episcoporum
485 2882 657 2957 consensu
685 2898 763 2957 erat
788 2885 1001 2973 roboratus,
1039 2904 1110 2990 nec
1137 2908 1214 2963 non
1241 2890 1508 2976 Menaenorum
1537 2914 1645 2989 turba

193 2978 379 3069 suffultus,
416 3002 545 3077 resque
567 3004 615 3059 eo
634 2985 705 3075 jam
729 2984 948 3073 devenerat,
984 2999 1027 3056 ut
1046 2989 1368 3081 contra=jndicium
1387 2996 1524 3091 Synodi
1546 3007 1644 3088 Con.

191 3076 520 3175 dantlnopolitanae
536 3085 596 3157 vel
614 3086 659 3156 ab
678 3076 754 3177 ipso
771 3079 960 3173 Eutyche,
985 3086 1047 3157 vel
1064 3089 1110 3159 ab
1126 3088 1202 3181 ejus
1218 3089 1419 3194 fautoribus
1435 3098 1480 3173 ad
1498 3110 1639 3184 univer·

188 3178 255 3253 sale
278 3176 484 3253 Concilium
510 3179 597 3254 eliet
619 3192 886 3275 provocatum,
924 3182 1069 3273 iamque
1089 3191 1263 3266 tumultus
1289 3194 1486 3290 excitatus,
1529 3202 1642 3299 prout

190 3274 353 3370 exprcffa
372 3275 408 3349 S.
421 3276 582 3351 Flaviani
601 3280 713 3352 verba
732 3276 887 3351 docent:
914 3280 968 3353 Sic
987 3289 1069 3356 enim
1088 3288 1229 3380 beroia,
1250 3296 1503 3391 quesumeait,
1518 3306 1659 3391 &turs

189 3379 268 3463 tp„
288 3382 358 3469 qua
370 3388 501 3475 propter
515 3400 583 3451 eam
593 3374 802 3475 satiaſsem,
827 3374 986 3469 facillime
1003 3383 1211 3476 destruentur.
1262 3392 1564 3496 Quemtextum,
1588 3422 1648 3485 ut.
1804 3394 1819 3466 ἰ

189 3470 400 3552 Lectoribus
427 3474 548 3549 fucum
577 3478 733 3566 faceret,
769 3478 927 3551 larvatus
948 3477 1098 3559 Authot
1124 3492 1287 3583 corrupit
1313 3491 1566 3589 supprimendo
1595 3531 1640 3589 ca
1716 3552 1721 3562 ·

190 3576 322 3667 verba,
346 3592 424 3666 quat
444 3578 555 3651 turias
566 3578 638 3699 jam
650 3573 760 3669 fallas
780 3573 964 3655 testantur.
1017 3582 1073 3667 tto
1093 3586 1245 3665 alterum
1267 3590 1415 3735 felium!
1437 3644 1482 3709 .-

326 3886 503 3970 Preterea
518 3894 663 3987 eoquod
679 3895 794 3973 §.Leo
810 3897 890 3995 post
901 3898 1115 3995 Ephesrnum
1133 3909 1361 3993 latrocinium
1379 3930 1637 4013 oecumenicam

189 3990 371 4087 synodum
387 3996 566 4090 judicavit
585 3994 836 4087 neceffatiam'3
865 3999 1134 4080 idem-Aether
1153 4016 1346 4091 contendit
1369 4028 1428 4097 cit.
1450 4050 1484 4120 p.
1499 4049 1575 4124 23,
1600 4035 1636 4107 dt

192 4106 279 4185 aet,
307 4118 352 4169 ex
375 4094 446 4190 ipsa
466 4094 601 4169 Leonis
624 4094 799 4169 sententia
822 4096 1093 4207 fluctuationem
1118 4110 1155 4184 in
1174 4106 1252 4186 fide·
1269 4132 1555 4225 anteanunfirtir
1576 4138 1636 4207 rol·

189 4197 212 4268 li
227 4194 403 4287 petellio,
443 4177 551 4287 itque
571 4193 808 4289 apostolicum
831 4196 1026 4291 iudicium,
1062 4230 1137 4299 quo
1159 4212 1193 4286 S.
1207 4209 1400 4296 Flavianae
1421 4232 1634 4321 appellauit,
1690 4220 1695 4225 ’

189 4306 323 4369 tantum
339 4292 440 4368 feiffe
454 4296 676 4391 provisoriam
729 4298 820 4393 Que
837 4296 911 4371 duo
929 4321 1033 4393 quarn
1051 4304 1134 4381 falsa
1151 4310 1238 4402 lint,
1268 4324 1453 4413 genuina,
1488 4347 1567 4421 quae
1580 4352 1637 4405 re·

185 4388 291 4485 stant,
326 4396 454 4467 littera
479 4394 687 4485 loquuntur.
737 4397 862 4491 Atque
879 4400 1038 4493 inprimit
1063 4404 1109 4479 de
1137 4409 1503 4501 caementatum:
1537 4429 1633 4509 hanc
1673 4422 1688 4439 ”

187 4492 228 4565 ad
251 4493 284 4567 se
310 4494 563 4589 appellationis
590 4495 649 4589 vja
676 4492 827 4570 delatam
849 4498 884 4571 S.
900 4496 977 4573 Leo
1003 4508 1173 4584 recrearit
1197 4510 1313 4589 statim
1340 4520 1517 4601 sententia
1539 4528 1635 4605 deci·

187 4588 256 4685 dit,
292 4614 442 4686 eamque
466 4594 626 4687 pluribus
651 4592 838 4693 litteriolo
859 4595 1050 4679 Orientem
1074 4606 1176 4683 millia
1206 4617 1408 4707 publicavit
1430 4623 1477 4715 ⁸).
1527 4628 1631 4713 „Fre

184 4696 358 4779 „viantam
382 4696 420 4765 in
446 4693 504 4765 sua
527 4694 804 4787 communione,
837 4700 991 4793 proinde
1015 4704 1048 4779 dt
1073 4709 1216 4804 pristina
1237 4712 1411 4811 dignitate
1433 4724 1629 4829 persistere,

183 4812 441 4885 „quecumque
455 4786 584 4886 Ephefi
601 4788 675 4887 uda
690 4814 766 4869 uon
784 4798 884 4891 polio
901 4806 1137 4909 ratehabert',
1154 4810 1205 4909 „dt
1221 4815 1348 4896 eunom
1362 4826 1402 4900 in
1418 4826 1549 4901 eedem
1565 4832 1629 4910 sta·

863 4898 897 4980 X
921 4916 947 4987 ²
979 4985 984 4994 ι
1214 5022 1219 5029 ,
1488 4940 1576 5030 »ων
