3942 6134
857 1036 1190 1111 *¹¹¹¹*
1286 1113 1292 1123 .
1603 1048 1711 1137 '‘trr·
1835 1118 1850 1133 ,

299 1227 444 1307 monem
466 1228 623 1303 arnum
645 1218 741 1301 [aliut
761 1216 832 1312 ab,
869 1216 998 1298 lidori
1019 1226 1158 1304 motta
1174 1216 1294 1297 bubo
1314 1220 1518 1322 reduendi
1533 1221 1663 1320 Rome
1682 1219 1735 1302 in·

299 1324 585 1437 britataafuiffe.
773 1382 777 1389 .

296 1484 304 1496 ’
552 1470 554 1479 ’
913 1494 958 1612 §0
987 1516 1060 1611 32.

367 1659 371 1668 ·
443 1636 704 1713 Tumultuoior
720 1634 841 1711 audim
855 1639 1055 1731 clamores,
1071 1634 1271 1714 Romanam
1280 1608 1442 1713 blattam
1453 1634 1643 1717 Ecclel'ra'tn
1658 1650 1731 1717 bra·

297 1742 337 1837 pi
353 1738 476 1815 itaude
491 1736 592 1813 luille
606 1737 816 1829 deceptam,
832 1738 893 1811 vel
910 1735 1009 1827 quod
1022 1735 1138 1810 adhuc
1150 1738 1306 1831 turpius,
1322 1738 1430 1828 ipbm
1443 1736 1639 1832 detepiffe,
1654 1741 1732 1830 baa,

298 1841 466 1931 inquam,
486 1837 750 1909 criminationes
769 1855 814 1907 ex
823 1852 888 1908 ore
903 1834 989 1909 DD.
998 1832 1270 1909 protestantium
1286 1836 1428 1922 audire,
1442 1838 1576 1927 quippe
1585 1838 1657 1926 jam
1669 1836 1730 1909 de·

299 1940 512 2011 tiaratorum
531 1931 704 2020 boillum,
726 1953 782 2005 rea
802 1934 907 2007 nobit
926 1932 1043 2007 minua
1062 1930 1322 2026 inexspestata‚
1341 1934 1528 2023 minuaque
1543 1934 1730 2021 dolorosa,

301 2054 344 2109 tc
369 2029 637 2123 quodammodo
662 2030 884 2103 tolerabilior
905 2028 1013 2106 ioreta
1063 2030 1117 2104 At
1139 2034 1328 2105 enimvero
1348 2048 1434 2119 eoa,
1459 2032 1522 2121 qui
1540 2032 1730 2105 nobiatuut

298 2131 480 2207 communi
496 2126 613 2203 mensa
629 2126 817 2216 fruuntur,
845 2130 954 2202 tantia
975 2130 1014 2203 in
1028 2127 1184 2203 Matrem
1201 2128 1409 2201 debacchari
1426 2128 1617 2218 convitiia,
1640 2131 1731 2220 eiua·

300 2228 454 2319 demque
476 2227 512 2317 in
539 2223 673 2299 uiscera
694 2226 815 2299 saevire
841 2226 927 2299 dunt
949 2225 1134 2315 videnum
1163 2245 1240 2315 nou
1264 2222 1443 2319 possumus
1459 2245 1534 2300 uon
1549 2246 1618 2320 pro
1636 2221 1729 2301 falsat

296 2326 463 2401 tratribus
485 2325 567 2396 illos
587 2322 738 2411 habere,
767 2338 873 2415 atque
891 2319 1035 2399 illorum
1055 2324 1249 2399 abhorrere
1265 2320 1459 2396 consortio.
1475 2376 1519 2391 ..
1555 2324 1729 2420 Quanam

296 2424 454 2513 denique
476 2423 537 2495 'ula
557 2420 651 2493 adeo
675 2422 885 2495 execrabilis
904 2421 999 2495 frana
1019 2422 1064 2497 lit
1079 2427 1126 2496 ab
1144 2420 1279 2495 tunore
1295 2419 1500 2497 eommiilai
1534 2420 1731 2497 nannum

296 2534 426 2597 montes.
471 2519 710 2611 Ampliauerit
723 2520 785 2593 iile
799 2518 1026 2613 suppofitititt
1042 2519 1109 2599 suia
1126 2518 1376 2595 Decretalibus
1392 2521 1514 2595 summi
1530 2515 1727 2609 Pontificio,

295 2616 606 2712 &opiscoporum
623 2616 875 2689 authoritatem
892 2616 1293 2702 diviru‘tusiustitutam3
1317 2619 1413 2693 illam
1433 2639 1524 2692 vero
1537 2614 1729 2709 Metropo·
1832 2649 1836 2654 ·
1898 2668 1905 2682 .

286 2714 512 2800 liticam,.ab
528 2711 732 2785 bominibua
746 2715 932 2787 inuentam
946 2709 1180 2788 restrinxerit!
1204 2713 1289 2787 Mu
1301 2720 1458 2808 paruulus
1476 2722 1552 2789 erit.
1595 2714 1728 2787 Multa·

164 2869 170 2878 .
291 2832 342 2891 ne
354 2807 477 2887 fraude
490 2827 582 2899 opus
602 2806 859 2882 eratRomano
868 2809 978 2879 Matri
987 2807 1153 2881 Ecclefloe
1164 2807 1207 2877 ad
1221 2810 1256 2879 id
1270 2808 1493 2899 faciendum,
1515 2809 1613 2901 quod
1627 2813 1729 2887 omui

292 2911 395 3003 iure,
410 2908 536 2979 divino
552 2922 653 2992 nque
666 2922 708 2974 ao
723 2902 880 2975 burnano
896 2916 1059 2994 poterat,
1083 2916 1233 2997 propter
1246 2902 1452 2995 frequentet
1465 2907 1589 2979 abusus
1605 2908 1728 2983 atilio·

294 3028 352 3085 rea
372 3006 501 3080 limites
517 3018 655 3092 ponere
670 2997 1056 3094 Archiepiscoporum,
1074 3000 1108 3073 br
1124 2990 1354 3092 synodorum
1372 3004 1646 3096 provincialium
1665 3026 1726 3079 au-

292 3096 481 3177 thoritatii
516 3096 636 3196 Quid,
652 3098 751 3188 quod
765 3096 964 3174 llidorianit
977 3100 1226 3175 Deetetalibus
1241 3102 1380 3178 nullum
1391 3103 1449 3194 jua
1465 3121 1603 3175 novum
1616 3101 1726 3177 fuerit

293 3194 558 3283 introdublum,
579 3192 636 3265 sed
654 3192 776 3271 eadem
793 3193 937 3271 decreta
957 3200 1003 3273 ab
1016 3198 1224 3273 indubitatis
1246 3202 1322 3275 aliia
1339 3195 1594 3286 Pontificibus,
1618 3199 1726 3295 busy·
1809 3222 1820 3233 ·

276 3296 401 3379 vunciis
418 3292 493 3386 ipso
509 3288 772 3367 demonstrante
786 3291 980 3367 Blondello
992 3296 1065 3385 jam
1088 3296 1222 3370 luerint
1236 3293 1445 3374 lustitutail
1488 3294 1584 3369 Hinc
1594 3296 1666 3387 iam
1679 3297 1723 3372 ad

294 3389 644 3569 {gggmssllpologiae
655 3404 793 3487 partem
805 3392 852 3467 de
866 3392 946 3489 ipba
961 3396 1069 3471 rebua
1084 3393 1176 3472 adeo
1190 3406 1295 3475 aetate
1308 3392 1428 3473 nostra
1443 3392 1629 3473 diffamata
1642 3394 1725 3480 col·

292 3832 298 3847 ,
717 3753 1295 3838 ARTlcULUsss.
1428 3798 1432 3805 ·

422 3908 552 3987 Marcet
576 3902 686 4001 Isidori
707 3928 771 3985 nort
792 3912 905 4001 mab,
919 3914 1196 4009 filimarum
1207 3912 1352 4015 spuria,
1366 3909 1429 4031 [eri
1449 3928 1588 3989 water.

947 4084 991 4201 §0
1022 4109 1066 4181 ι.

289 4218 384 4355 Ipso
394 4223 467 4299 boc
479 4228 515 4303 in
530 4227 653 4343 limine
667 4226 752 4303 mihi
765 4226 893 4347 paritas
908 4226 1028 4341 animo
1043 4227 1134 4303 subit
1147 4230 1358 4349 quotidiano
1371 4224 1646 4343 exeommercio
1662 4220 1721 4299 de·

346 4324 470 4401 sumta.
507 4320 606 4399 Nihil
625 4327 717 4420 apud
734 4332 801 4399 nos
814 4325 1059 4416 frequentius,
1079 4347 1182 4417 quarn
1198 4332 1378 4421 portatilia
1393 4323 1517 4405 videte
1531 4325 1720 4419 horologia

186 4494 190 4501 ,
291 4418 485 4497 Parilienirr
504 4428 563 4495 vel
580 4423 816 4499 Londinerrsta
830 4423 1166 4497 Authorlanomine
1187 4427 1356 4519 inscripto
1373 4424 1569 4495 emtoribus
1586 4442 1721 4517 propo·
1807 4456 1871 4513 „¹

292 4520 366 4595 itta.
400 4521 556 4599 Vixerit
568 4524 716 4613 amplius
733 4510 803 4595 tam
817 4522 949 4608 hebes,
965 4524 1026 4612 qui
1043 4518 1151 4595 fidem
1167 4523 1385 4616 inscriptioni
1403 4519 1535 4609 donet;
1550 4540 1657 4594 nemo
1671 4534 1721 4593 ta·

289 4637 375 4695 men
387 4618 493 4691 facile
503 4616 618 4705 nostra
629 4616 869 4692 Teutbonicae
884 4618 969 4692 licet
982 4621 1126 4716 originis
1138 4620 1325 4719 horologia
1337 4619 1498 4713 spernet,
1517 4638 1627 4699 nemo
1642 4619 1721 4690 illo·

293 4716 481 4791 tumulum
496 4714 755 4807 aspernabitur,
773 4716 830 4789 led
844 4718 994 4809 quilibet
1006 4738 1126 4811 aequua
1138 4740 1254 4794 rerum
1268 4716 1455 4793 aestimator
1463 4718 1581 4806 dicet,
1595 4712 1722 4790 suffieit

291 4811 378 4895 nihi
395 4832 470 4893 rem
489 4814 621 4893 bonam
636 4813 1060 4992 hibeiirwl'ulcgssg‘lue
1075 4814 1217 4896 demum
1232 4814 1467 4897 anuntiant:
1490 4814 1589 4923 usum
1603 4825 1723 5005 ἔξω·

377 4936 383 4947 ,
893 4998 901 5011 .
1009 4935 1034 4990 ο
1060 4936 1081 5013 3

1869 5030 1876 5052 ³
1923 4927 1927 5124 l
