3942 6134
192 1037 487 1160 ,ω’
839 1089 1173 1138 ιιι-ιιι-

282 1383 305 1467 .’
417 1381 478 1465 De
494 1383 677 1464 Anastrfio
694 1383 781 1464 Rufi
796 1383 1004 1464 Successore
1021 1405 1094 1465 tam
1109 1391 1148 1466 in
1164 1381 1258 1464 Sede
1269 1375 1595 1485 Thessaloniceob,
1611 1396 1721 1482 quant

271 1487 1189 1590 apostolicoVicariatoadSyoodumEpiscopoium
1202 1485 1732 1586 Xystrul’.lllbaecscrlpsrt')·

273 1585 384 1690 ,','Nos
401 1591 515 1666 Fratri
529 1590 562 1663 ἃ
578 1587 808 1686 Coepiscopo
824 1587 948 1666 nostro
967 1590 1150 1666 Anastasio
1166 1597 1305 1668 tantum
1324 1589 1534 1679 tribuimus,
1552 1601 1726 1682 quantum

273 1689 557 1788 „Decelloribus
583 1689 688 1784 ipsius
712 1712 732 1764 a
757 1687 885 1764 nostrie
905 1689 1159 1767 Decelsoribur
1176 1694 1400 1766 attributum.
1453 1685 1614 1762 Priorum
1631 1687 1727 1780 judi-

197 1851 201 1858 .
246 1875 250 1882 ,
274 1797 397 1888 „cium
416 1791 591 1885 sequimur
608 1790 683 1864 haec
702 1788 979 1882 constituendo,
998 1813 1076 1885 quae
1092 1795 1136 1865 ab
1148 1793 1202 1865 bis
1219 1788 1387 1866 nouimus
1407 1783 1622 1879 constituta,
1641 1790 1726 1881 quin

272 1895 336 1988 „dc
352 1893 461 1986 iplbm
475 1889 578 1985 hujus
592 1893 785 1986 probamus
799 1892 937 1980 meriti,
957 1893 1056 1984 quus
1074 1890 1221 1966 suerunt
1234 1893 1285 1964 illi
1294 1945 1307 1982 ,
1324 1893 1383 1984 qui
1402 1891 1486 1973 talia
1502 1901 1722 1962 meruerunt.

273 1991 437 2087 „Nullus
449 1993 579 2064 obviet
592 1991 786 2064 salubribus
796 1989 1026 2082 ’constitutio
1040 1993 1161 2066 nullus
1178 1991 1480 2086 praeceptionibus
1494 1987 1546 2060 his
1565 1984 1724 2060 resultet.

275 2090 471 2185 „Habeant
483 2087 662 2165 bonorem
678 2090 776 2166 suurn
792 2089 1073 2186 Metropolitum
1089 2091 1300 2187 singularum
1323 2082 1651 2187 (provinciarum)
1671 2085 1732 2160 sal:

115 2189 120 2194 ’
275 2211 356 2285 ,,νο
372 2193 475 2284 hujus
490 2191 705 2288 priuilegio,
726 2211 831 2284 quem
846 2191 1027 2266 honorare
1045 2192 1202 2266 debeant
1216 2189 1367 2285 amplius
1382 2187 1562 2262 honorati.
1592 2185 1634 2260 ln
1650 2205 1731 2278 pro·

276 2294 426 2384 „vincia
443 2291 569 2384 suajus
586 2291 742 2366 habeant
758 2289 970 2380 ordinandi,
996 2290 1055 2366 sed
1074 2293 1146 2366 hoc
1162 2279 1296 2378 inscio,
1314 2294 1374 2364 vel
1391 2288 1533 2376 invito,
1562 2303 1667 2375 quem
1683 2285 1730 2356 de

237 2415 243 2426 ·
275 2395 476 2485 „omnibus
497 2393 664 2466 volumus
679 2391 968 2476 ordinationibus
988 2390 1144 2478 consuli,
1169 2393 1290 2464 nullus
1307 2389 1438 2463 audeat
1451 2385 1631 2462 ordinare.
1667 2383 1727 2460 llo

279 2487 659 2586 „Thessalonicensem
674 2492 828 2602 majores
847 2489 970 2568 caulsae
991 2491 1193 2576 referantur
1208 2488 1456 2568 Autillitem.“
1554 2507 1585 2576 ·5

953 2665 1062 2786 is·

328 2834 331 2842 ⁴
368 2869 373 2876 ,
429 2808 529 2914 Quid
553 2807 597 2885 ad
619 2807 694 2886 hec
714 2777 786 2884 tsim
812 2809 957 2904 antiqua
976 2812 1196 2887 documenta
1214 2807 1419 2886 nostrorum
1434 2765 1732 2904 Archiepiscopo·

200 2920 215 2972 ἲ
281 2932 361 2990 rum
376 2907 592 2988 Curialillae‘l
621 2908 1001 3005 Haecomniamjbnt,
1017 2911 1421 3007 stoeMotropolitarum
1435 2907 1732 2998 aliorumvesspi·

282 3011 473 3110 scoporunr
486 3009 698 3107 prejudicio
709 3005 799 3085 salla
811 3010 912 3102 sunt,
934 3019 1044 3106 prout
1057 3007 1218 3108 expresse
1234 3016 1271 3087 in
1284 3011 1351 3086 suis
1364 3010 1523 3106 epistolis
1536 3005 1732 3084 Pontifices

134 3163 138 3172 -
282 3107 703 3204 Innocentius,Xystus,
720 3107 819 3200 Leo,
836 3112 967 3204 nilque
980 3113 1218 3188 declararunt.
1242 3111 1342 3186 bene
1356 3109 1429 3204 est,
1445 3111 1597 3204 accipio,
1620 3105 1733 3182 Tune

282 3233 370 3311 ergo
386 3215 580 3306 temporis,
597 3211 669 3286 hoc
683 3207 754 3312 eil,
767 3211 895 3302 quinto
909 3208 1053 3301 seculo,
1072 3212 1134 3287 etsr
1148 3212 1228 3291 satis
1241 3214 1356 3306 ampla
1366 3211 1635 3306 immistione,
1650 3227 1733 3300 qua·

282 3311 548 3401 lenonibus,
574 3307 759 3386 Pontificio
776 3310 928 3386 Vlcariis
944 3310 1128 3409 delegata,
1156 3311 1417 3408 Episcoporum
1437 3326 1556 3385 tameo
1577 3321 1640 3381 aut
1654 3307 1733 3380 Me·
1757 3304 1761 3314 “

181 3481 189 3497 ,
282 3415 536 3507 tropolitarurn
554 3409 648 3485 salva
664 3405 854 3485 consulere
862 3411 942 3506 jura
955 3411 1135 3488 ordinaria
1147 3412 1398 3488 credebantur.
1448 3410 1561 3503 Atqui
1573 3410 1649 3482 boc
1661 3428 1733 3481 mu·

282 3511 418 3587 oifellae
433 3509 591 3586 sallitatls
608 3560 621 3603 ,
661 3511 735 3584 imo
752 3509 785 3581 or
800 3511 996 3604 iniquitatis
1011 3513 1200 3587 convincit
1213 3511 1423 3588 hodiernam
1441 3507 1732 3606 protensionem,

284 3611 378 3704 quasi
392 3611 508 3686 omnis
523 3610 693 3784 deleffatae
702 3608 956 3702 iurisdislionis
970 3611 1121 3687 facultas
1131 3613 1202 3704 jam
1212 3610 1324 3686 suaex
1336 3628 1463 3687 natura
1474 3608 1732 3705 episcopalium

278 3711 413 3804 lorium
430 3711 583 3798 violatio
617 3722 716 3785 oret:
742 3707 879 3784 summo
895 3713 989 3784 enim
1008 3708 1176 3786 Pontifici
1190 3710 1355 3786 inaudito
1373 3723 1555 3786 attentato
1566 3707 1734 3802 prohibe·

284 3825 344 3884 tur
356 3835 426 3886 tom
435 3805 594 3902 facultate
611 3833 804 3906 quocumque
816 3807 996 3883 Nuntium
1008 3812 1164 3886 mittere.
1199 3811 1300 3913 Quid
1317 3809 1369 3894 est
1380 3812 1473 3900 hoc,
1490 3809 1554 3884 nifi
1570 3805 1731 3890 subditos

284 3907 350 3986 suo
367 3907 484 4003 Capiti
509 3909 704 4000 dominari,
727 3909 760 3980 o
782 3927 981 4006 repugnare
1003 3909 1048 3983 ad
1071 3914 1283 3986 violentiam
1305 3909 1436 4005 usquo,
1457 3924 1540 3984 toto
1561 3904 1732 4000 fiquidem

283 4007 442 4107 Imperio
464 4007 511 4082 ad
532 4005 760 4086 refillendum
786 4007 998 4083 evocatos?
1039 4007 1106 4084 Hie
1128 4009 1287 4104 accedit,
1307 4010 1405 4104 quod
1428 4009 1569 4094 fatente
1582 4003 1753 4088 zaroes..

284 4113 349 4186 nio
364 4114 446 4203 ll),
469 4105 569 4199 liqui
590 4103 687 4182 forte
708 4103 866 4182 excelsus
884 4111 921 4182 in
932 4110 1231 4206 Delegationibus
1247 4113 1480 4208 contigerunt
1493 4113 1587 4183 circa
1604 4127 1661 4180 res
1674 4105 1734 4180 be·

281 4207 503 4300 nesrciarias,
527 4210 588 4281 vel
601 4205 822 4307 judiciarias,
842 4209 980 4284 illarum
996 4214 1065 4304 jaro
1087 4208 1178 4286 faeta
1193 4209 1237 4285 stt
1251 4211 1295 4285 ad
1312 4231 1450 4312 aequum
1468 4205 1641 4286 restriolio
1660 4219 1735 4279 tam

169 4355 172 4362 ·
284 4331 351 4406 per
366 4307 589 4406 concordate
606 4303 826 4396 Germaniae‚
856 4329 959 4401 quarn
980 4308 1173 4404 peripsam
1196 4307 1249 4383 So.
1261 4309 1450 4404 synodum
1465 4305 1731 4383 Tridentioam.

283 4407 452 4504 Superest
476 4407 671 4484 Catholicis
688 4421 730 4481 ut
754 4405 901 4484 credant
921 4405 1110 4486 sandliffimi
1138 4409 1240 4502 l’apae
1263 4409 1374 4486 nostri
1396 4409 1448 4483 Pii
1468 4407 1522 4482 Vl
1547 4403 1677 4480 asserto
1694 4407 1732 4478 in

283 4503 385 4583 Bulla
400 4507 444 4584 ad
461 4503 711 4606 Frifingensem
735 4503 949 4604 Episcopum
972 4510 1031 4585 die
1055 4520 1096 4592 18
1118 4507 1544 4602 Oslobr.ano017862
1567 4503 1732 4596 „loduci

283 4629 389 4703 „non
411 4608 521 4683 debes
536 4607 581 4682 ad
603 4611 709 4682 ullam
732 4607 983 4702 formidinum,
1006 4631 1055 4682 ne
1073 4622 1136 4682 tua
1150 4607 1329 4710 ordinaria
1338 4611 1417 4702 jura
1433 4607 1628 4694 laedantur,
1649 4624 1756 4687 cum,

283 4708 349 4804 „id
367 4706 531 4785 accidere
548 4708 699 4786 omnino
715 4725 791 4783 non
806 4705 928 4805 pollit,
947 4707 1061 4788 statim
1084 4729 1127 4785 ae
1146 4728 1225 4785 ooo
1239 4710 1342 4800 mam
1358 4707 1606 4787 uueloritatem
1625 4703 1735 4777 lubet

459 4839 465 4846 ·
550 4838 553 4843 ·
830 4861 835 4872 -
1377 4819 1382 4828 ·
1483 4827 1489 4834 ·
1533 4821 1686 4899 „nouus

240 4937 955 4962 *Μ*

364 5017 397 5102 ’)
418 5017 827 5098 ΕΡίίὶοιάεγηοᾱιΤὴείῑιΙ.
945 5023 994 5106 li)
1014 5020 1154 5106 Tom.4.
1175 4977 1331 5112 Quaebo,
1351 4992 1474 5100 Conse,
1494 5019 1565 5104 §4-
1667 5032 1670 5037 ⁴
