3942 6134
280 1029 518 1178 Ι362Ι
800 1085 1159 1131 m

268 1243 400 1342 diernis
420 1239 599 1337 precipue
619 1229 958 1333 trebues-elimari,
984 1239 1084 1336 qood
1103 1240 1206 1316 Deua
1228 1198 1393 1325 avertat,
1414 1187 1614 1311 aurneinan
1640 1253 1723 1334 prof

130 1345 137 1358 '
268 1345 410 1440 pinquis
430 1343 723 1436 operaprerlurn
743 1341 794 1422 est
812 1345 995 1436 peculiare
1012 1342 1130 1418 adhuc
1146 1359 1299 1414 examen
1315 1334 1520 1426 instituere,
1543 1335 1640 1427 quod
1659 1339 1724 1411 tri.

169 1449 181 1472 ⁵
268 1447 337 1520 bus
360 1441 533 1516 Articulis
556 1439 736 1532 perficiant
758 1442 936 1520 diturus:
992 1463 1061 1518 rara
1085 1441 1145 1515 De
1166 1439 1244 1536 ipio
1262 1442 1342 1532 jure
1364 1437 1513 1526 (livino,
1539 1437 1637 1528 quocl
1657 1458 1722 1528 ap·

269 1543 485 1638 pellationee
507 1540 678 1617 asumma
699 1537 875 1618 Pontifice
896 1555 1019 1632 vetat,
1046 1543 1262 1634 penitusque
1282 1535 1460 1612 excludit:
1509 1537 1572 1614 arla
1597 1538 1656 1611 De
1672 1537 1729 1608 hi·

271 1639 378 1718 storia
403 1637 625 1732 antiquiilrrni
646 1645 856 1733 axiomatis,
898 1643 1014 1720 Primo
1036 1644 1130 1718 siles
1151 1665 1172 1715 u
1195 1647 1315 1712 nemim
1329 1639 1520 1727 judicatur:
1571 1643 1639 1731 3tia
1663 1635 1726 1709 De

272 1745 411 1818 recenti
432 1739 569 1837 origine
591 1744 774 1836 opinionis
796 1740 924 1838 Papam
949 1743 1119 1818 Concilio
1139 1739 1379 1832 subjicientis:

384 2016 409 2036 ,,
711 1910 1290 2016 anrrcunusr.
1612 2037 1615 2040 Β

432 2065 496 2141 Dr
516 2069 609 2163 jure
634 2067 780 2142 divina
798 2059 1046 2164 perlibente
1069 2069 1376 2167 appellationis
1401 2083 1422 2135 a
1447 2061 1571 2157 Papa.

954 2243 993 2360 §.
1026 2267 1066 2336 t.

358 2379 637 2462 esteinearnata
661 2389 817 2461 veritate
836 2385 960 2463 Petrus
978 2347 1043 2462 est
1069 2385 1346 2466 fundamentum
1364 2379 1532 2460 Eccleiire
1557 2378 1760 2455 divinituc‘
1891 2406 1892 2413 Ν

293 2496 306 2522 ‘
380 2482 583 2577 firmatum,
620 2487 719 2576 quod
749 2487 842 2562 suarn
874 2489 958 2562 truie
990 2486 1199 2580 firmitatem
1227 2486 1496 2571 communicet3
1534 2502 1611 2556 nun
1641 2501 1733 2552 vero

280 2585 382 2677 quod
411 2586 455 2658 ab
484 2585 551 2657 hac
576 2582 780 2658 firmitatem
808 2587 982 2682 arripiat,
1008 2603 1055 2660 -ut
1079 2583 1301 2662 recentiores
1326 2584 1473 2680 quidam
1497 2577 1634 2675 fingere
1661 2579 1734 2656 aust

103 2663 136 2697 '¹
281 2687 386 2759 sunt:
412 2679 536 2754 Petrus
554 2679 604 2754 est
620 2682 715 2754 eninr
736 2703 756 2754 a
774 2683 914 2758 Christo
932 2685 1161 2777 constitutus,
1186 2705 1230 2760 ut
1244 2686 1370 2760 fratres
1388 2678 1629 2769 confirmaret,
1655 2697 1734 2755 non
1853 2659 1859 2667 ’
1891 2714 1892 2721 ¹

281 2777 424 2857 inverse
441 2778 584 2857 Petrum
605 2777 819 2856 confirmare
839 2781 1231 2861 fratribus‘conceffum
1250 2784 1312 2860 eit
1362 2781 1472 2857 Petro
1490 2781 1610 2855 claves
1631 2779 1734 2874 regni
1760 2809 1765 2823 ·

285 2883 457 2960 celorum
466 2881 530 2976 sali
549 2881 639 2954 datae
655 2877 755 2970 sunt,
778 2881 851 2954 hoc
868 2881 938 2975 est,
964 2883 1125 2978 suprema
1142 2887 1178 2959 io
1196 2883 1353 2958 Ecclefia
1372 2877 1551 2980 potestas,
1575 2893 1616 2952 ut
1633 2875 1733 2972 quid·

285 2980 372 3074 quid
391 2997 411 3055 a
429 2979 536 3054 Petro
560 2984 810 3075 superterram
831 2979 1053 3075 solveretur,
1088 2984 1163 3060 five
1185 2986 1376 3082 ligaretur,
1392 3050 1394 3057 ,
1409 2983 1447 3056 in
1471 2982 1564 3054 coelo
1584 2997 1732 3072 quoque
1775 3052 1778 3058 ,

286 3073 444 3157 solutum
464 3079 571 3170 effer,
610 3081 818 3174 li'gatunttre.
870 3081 981 3158 Nulla
1001 3105 1087 3181 ergo
1110 3088 1259 3179 amplius
1276 3082 1436 3178 superior
1455 3081 1491 3154 in
1515 3096 1607 3152 terra
1630 3076 1735 3152 datur
1892 3080 1893 3159 ἶ

285 3177 459 3273 Potestas,
485 3202 564 3274 quae
577 3179 772 3254 reformare
786 3178 903 3278 posset
913 3187 985 3278 jarn
1002 3189 1039 3258 in
1055 3189 1152 3260 coelia
1168 3184 1306 3259 firmata
1326 3169 1417 3256 Petri
1429 3179 1575 3274 judicia.
1626 3173 1733 3250 Unus
1892 3182 1893 3237 i

287 3279 338 3354 est
356 3279 477 3354 Pastor
495 3281 655 3354 omnium
676 3262 823 3374 ovffim,
851 3283 1082 3360 &Pastorum
1104 3309 1125 3360 a
1143 3283 1283 3360 Christo
1304 3281 1576 3367 denominatus,
1602 3279 1661 3351 cui
1680 3289 1736 3350 to·
1892 3314 1893 3327 ÷

287 3381 358 3454 tius
378 3382 487 3452 ovilia
505 3399 590 3454 cura
611 3379 813 3478 commissa,
839 3381 872 3455 S.
886 3377 1028 3458 Petrus:
1053 3407 1165 3460 unum
1187 3405 1273 3480 ergo
1296 3405 1341 3456 ex
1362 3383 1485 3457 divina
1505 3375 1733 3452 institutione
1783 3400 1788 3410 ’

288 3481 714 3574 euputtotiusrorporis,
742 3480 1254 3580 quodabunoregendunrest.
1305 3477 1735 3572 Undeantiquiacatholi·

292 3597 377 3684 curn
389 3577 694 3684 cognatorum
708 3579 1277 3676 regiminisEcclesreeileverant
1287 3579 1548 3656 Monarchiam.
1582 3573 1739 3651 Effentie

289 3675 515 3752 Monarchiae
531 3675 781 3770 destrueretur,
797 3681 821 3756 st
840 3683 1000 3778 iltprema
1018 3682 1172 3776 potestur
1188 3684 1224 3756 in
1242 3683 1360 3775 plures
1379 3679 1610 3781 diuideretur.
1659 3674 1689 3751 F
1690 3677 1736 3750 al·

291 3775 365 3852 sum
382 3775 480 3852 foret
495 3777 713 3852 catholicum
731 3777 874 3876 dogma,
896 3779 920 3854 ss
940 3779 1171 3856 Aristocratia
1187 3779 1352 3854 Ecclefiae
1371 3779 1627 3853 dominaretur.
1676 3773 1734 3848 In-

290 3875 430 3952 stitutio
455 3875 577 3952 divina
599 3879 845 3969 everteretur,
884 3879 908 3954 ii
934 3877 1059 3957 Petrus
1085 3879 1271 3976 Apostolis
1299 3879 1450 3954 inferior
1479 3877 1733 3964 declararetur,

284 3997 384 4069 xquos
405 3973 560 4052 Christus
580 3999 658 4054 non
678 3977 790 4056 solunt
813 3977 995 4076 finguloa,
1028 3979 1091 4057 sed
1110 3985 1156 4060 in
1171 3999 1282 4058 unum
1302 4001 1431 4057 omnea
1449 3977 1559 4054 Petro
1580 3975 1733 4079 declara·

294 4080 350 4154 vit
365 4073 552 4172 subjectae
642 4117 647 4128 ·
1718 4087 1730 4115 κ

283 4233 286 4240 ’
688 4229 695 4239 ’
956 4257 1000 4376 §0
1029 4281 1075 4356 a.

443 4404 618 4506 Quaenam
628 4375 723 4478 enim
733 4397 971 4496 illai’ot'cstas,
988 4407 1047 4481 cni
1056 4401 1242 4501 pontificia
1253 4399 1448 4480 subdatur?
1473 4394 1740 4484 Nullusadho·

293 4497 589 4598 diernumuaque
606 4503 722 4592 diem,
757 4504 1047 4596 nullueeorurn,
1083 4506 1143 4598 qui
1164 4505 1282 4580 adhuc
1304 4507 1364 4580 vel
1385 4506 1534 4578 nomine
1555 4498 1737 4576 Catholici

292 4605 411 4678 velint
431 4605 574 4696 audire,
607 4623 718 4678 nemo
737 4623 832 4677 unua
852 4604 956 4694 aliam
977 4606 1122 4702 publice
1144 4603 1244 4678 ausua
1263 4604 1315 4678 est
1334 4603 1499 4700 affignare
1520 4597 1739 4680 votestatem

292 4697 471 4780 Pontifice
491 4704 732 4798 superiorem,
772 4723 877 4797 quant
896 4705 1101 4780 Concilium
1125 4702 1335 4780 universale.
1388 4702 1443 4777 Ut
1459 4723 1536 4777 non
1556 4701 1617 4774 hic
1638 4717 1745 4794 repe·
1887 4705 1891 4714 ‘

291 4813 365 4876 tarn
380 4803 453 4894 jarn
472 4803 629 4908 superius
652 4824 698 4875 ex
720 4805 860 4900 primia,
887 4803 1002 4898 iisque
1022 4806 1247 4902 generalibus
1267 4801 1465 4894 conciliis,
1491 4805 1528 4876 in
1550 4798 1668 4894 specie
1690 4815 1737 4870 ex

291 4897 496 5000 Ephelino,
533 4903 568 4980 aa
591 4899 873 4986 Chalcedonenli
901 4901 1142 5060 denoollrata
1168 4911 1205 4982 ia
1223 4902 1367 5004 Arpano.
1395 4905 1438 4980 al
1458 4898 1739 5094 Pmllpcsatffu
