3942 6134
726 1074 1303 1192 ======4
1598 1138 1669 1222 set

264 1293 386 1396 dicas,
411 1304 445 1378 dt
466 1249 649 1398 prlmlti'va
670 1295 729 1370 rlla
745 1288 912 1370 Ecclefiae
926 1304 1036 1366 atate
1055 1293 1399 1398 incognitum3'eg0
1419 1301 1561 1396 quidem
1581 1264 1618 1376 id
1637 1321 1714 1376 noa
1736 1311 1740 1326 ’

254 1409 406 1493 moror,
426 1401 588 1491 quamvis
606 1397 671 1468 tibi
691 1393 825 1490 possem
847 1397 1009 1468 Marcum
1025 1397 1217 1486 appellare.
1266 1395 1451 1493 Tempora
1468 1419 1605 1478 mutata
1621 1401 1714 1494 sunt,
1804 1397 1809 1414 '

262 1504 349 1580 hinc
371 1503 404 1575 tr
426 1501 557 1575 modos
576 1515 704 1569 rerum*
718 1495 847 1570 mutari
869 1490 1010 1568 necesse
1031 1506 1119 1565 erat.
1172 1495 1267 1572 Cibo
1288 1497 1333 1574 ad
1354 1501 1714 1581 vitamnutriendrm

262 1602 403 1700 indiget
430 1601 544 1673 homo
568 1599 739 1688 parvulus
766 1615 887 1687 aeque,
928 1589 1160 1682 amadultua3
1201 1601 1437 1696 allus-tamen
1460 1604 1713 1693 alimentorum

261 1683 393 1777 modus
414 1695 538 1772 adulto
563 1696 763 1784 convenit,
788 1712 893 1786 quam
916 1691 1081 1785 parvulo,
1133 1693 1190 1766 Da
1211 1701 1318 1771 nobis
1338 1699 1474 1775 sanstus
1495 1703 1713 1793 primilllius

136 1859 141 1867 .
262 1804 332 1875 aevi
358 1819 477 1884 mores
497 1797 585 1874 licut
604 1795 642 1868 in
666 1813 773 1892 grege
794 1791 975 1881 fidelium,
1016 1787 1066 1860 ita
1089 1788 1127 1862 in
1144 1791 1224 1886 iplls
1240 1791 1463 1887 Pastoribus;
1499 1803 1534 1872 dt
1552 1800 1619 1873 hac
1637 1815 1711 1873 tan·

209 1927 211 1934 ’
260 1917 338 1974 turn
364 1897 578 1974 conditione
597 1893 712 1988 pofita
732 1895 813 1987 jure
839 1907 941 1986 peter
963 1887 1232 1966 ecelesiasticam
1255 1898 1416 1988 politiam
1437 1899 1561 1974 reduci
1585 1901 1628 1972 ad
1649 1902 1716 1992 pri·

259 2001 385 2075 stiuam
410 1999 506 2072 illam
528 1995 683 2070 formam
704 1992 858 2066 debere:
890 1994 964 2066 imo
984 2006 1033 2062 ne
1053 2001 1129 2063 tum
1150 1994 1294 2082 quidem
1320 1995 1453 2086 idiote
1474 2013 1600 2091 petes;
1648 2001 1713 2079 illo

262 2103 359 2174 enim
383 2099 560 2172 sevientis
586 2093 844 2187 persecutionis
870 2091 1038 2181 temporo
1061 2088 1222 2165 nondum
1246 2108 1322 2168 erat
1344 2092 1446 2171 firma
1471 2103 1632 2190 quasdam
1655 2118 1714 2170 ex·
1761 2179 1766 2188 ,

260 2201 406 2273 terioris
427 2195 605 2293 regiminis
628 2192 829 2284 disciplina,
864 2189 926 2266 seu
945 2185 1018 2262 fixa
1038 2189 1279 2266 ecclesiastica
1299 2196 1437 2289 politiae
1456 2197 1596 2286 forma,
1635 2217 1714 2288 que

249 2301 415 2395 primum
432 2291 597 2369 caucella
613 2289 778 2365 Ecclesia
796 2289 1055 2382 tranquillitate
1071 2288 1241 2382 ordinari,
1266 2314 1308 2368 ac
1324 2289 1429 2368 firmo
1445 2295 1601 2387 quodam
1619 2296 1713 2388 pede

259 2397 406 2470 stabiliri
427 2407 583 2489 poterat.
630 2389 708 2464 Aut
728 2411 815 2465 num
836 2405 876 2464 tu
895 2380 1109 2462 desiderabis
1127 2386 1325 2487 Episcopos
1345 2393 1380 2466 dr
1397 2393 1713 2488 Archiepiscopos
1836 2473 1843 2487 ⁶

257 2497 353 2572 ficut
387 2497 431 2570 ab
471 2493 610 2590 origine‘
645 2490 869 2584 Apostolos,
910 2484 1079 2582 piscando
1122 2487 1391 2567 &fabricando
1427 2497 1556 2567 lterum
1581 2493 1714 2567 debere

259 2593 360 2668 suum
396 2593 529 2668 vislum
566 2587 756 2664 mereris?
805 2589 868 2664 An
901 2587 999 2662 sorte
1037 2585 1199 2661 Nuntius
1232 2591 1451 2684 apostolicus
1489 2615 1571 2668 cum
1602 2589 1714 2686 splen·

255 2687 354 2768 ‘dore
380 2695 551 2770 summum
575 2687 857 2768 Christianorum
880 2683 1113 2774 Sacerdotem
1139 2685 1416 2779 representante
1441 2707 1530 2767 tunc
1552 2691 1596 2766 ad
1620 2689 1716 2765 Prin·

257 2795 381 2888 cipum
401 2809 619 2889 paganorum
640 2790 737 2862 aulas
753 2786 871 2862 missus
888 2787 1010 2874 suerit,
1036 2798 1117 2864 cum
1133 2787 1213 2881 ipsrs
1230 2789 1427 2871 Ordinarlis
1444 2797 1615 2868 locorum
1636 2811 1715 2871 nou

256 2896 403 2970 licuerit
423 2891 458 2966 se
475 2893 619 2986 publice
640 2884 844 2960 infidelibus
870 2884 1280 2978 praeberespellandosl
1304 2891 1436 2987 Sapere
1457 2907 1627 2986 oportet,
1652 2889 1714 2963 sed

258 2991 384 3088 sapere
407 2991 452 3065 ad
473 2989 722 3064 sobrietatem:
748 2983 807 3056 Ne
832 2983 918 3075 quid
939 2983 1064 3056 nimis!
1088 2980 1125 3055 Si
1144 2981 1311 3060 Ecclesia
1335 2999 1459 3082 pactrn
1482 3010 1598 3075 amas,
1624 2989 1712 3064 suff.-

259 3095 336 3168 ciat
355 3081 426 3164 tibi'
438 3096 510 3182 jam
534 3087 620 3164 inde
641 3087 685 3159 ab
705 3079 892 3178 Apostolis
914 3083 1173 3175 Delegationes
1192 3084 1465 3179 jurisditlionis,
1492 3088 1551 3163 seu
1571 3089 1713 3164 stabiles

260 3190 323 3265 seu
343 3201 636 3272 momentaneas,
670 3185 742 3256 hoc
764 3180 837 3270 est,
871 3183 934 3256 vel
957 3179 1001 3254 ad
1022 3184 1190 3276 generale
1213 3185 1392 3274 quoddam
1418 3190 1616 3280 perdurans,
1649 3188 1712 3262 vel
1770 3193 1788 3222 ⁶

260 3287 307 3364 ad
328 3286 501 3385 lingulate
520 3283 670 3380 transterit
689 3283 898 3378 negotium,
923 3295 1034 3378 prout
1056 3282 1145 3387 utile
1168 3279 1302 3378 visum,
1328 3287 1367 3360 in
1391 3283 1454 3362 usu
1475 3285 1587 3363 fuisse.
1709 3347 1714 3352 .

658 3479 783 3509 ”
937 3494 1046 3612 is·

195 3693 205 3704 -
354 3677 363 3737 5
413 3639 536 3740 Atque
550 3641 624 3716 hoc
641 3640 789 3734 amplius
806 3635 1026 3730 antiquissimi
1043 3643 1308 3738 acnoecumenlci
1325 3639 1538 3720 sardicensis
1555 3601 1723 3720 Concilii

203 3756 206 3764 '
262 3761 408 3818 canone
421 3741 674 3830 confirmatur,
692 3741 786 3834 apud
798 3737 944 3828 Grecos
961 3741 1111 3830 quinto,
1124 3741 1217 3834 apud
1227 3741 1439 3838 Dionysum
1453 3745 1625 3840 septimos
1642 3765 1713 3839 qut
1746 3815 1753 3824 .

262 3835 456 3915 occasrone
469 3840 615 3914 istorum
633 3841 822 3912 Canonum
840 3836 994 3920 sedulam
1007 3841 1209 3932 claramque
1223 3845 1503 3939 explicationem
1523 3863 1625 3939 prae.
1642 3839 1713 3915 Go-

262 3942 347 4017 roll.
366 3941 480 4013 Artis.
497 3961 539 4031 3,
554 3942 587 4028 §.
602 3957 621 4027 7
641 3939 748 4026 usque
762 3934 926 4030 adfinem
946 3957 1037 4009 ame
1051 3937 1169 4012 datam
1186 3960 1355 4034 perquam
1372 3965 1540 4038 cuperem
1553 3946 1713 4039 relegen·
1750 4005 1753 4013 .

252 4040 359 4112 dam.
399 4037 519 4110 l’atres
533 4038 627 4109 enirn
642 4033 863 4108 sardicenses
881 4033 1109 4126 pontificium
1117 4039 1176 4130 jus
1189 4040 1470 4138 Delegationem
1482 4064 1562 4116 cum
1573 4039 1711 4134 jurisdi-

140 4229 143 4238 ,
241 4159 254 4232 ζ
265 4139 387 4214 silone
400 4136 670 4232 coniuullalum
689 4149 867 4225 tamquam
882 4155 956 4206 rem
971 4135 1190 4228 perspectam
1207 4145 1397 4232 omnibus,
1412 4161 1520 4258 atque
1534 4139 1713 4213 indubita-

265 4255 338 4310 tam
355 4237 637 4332 preposuerunt,
657 4235 801 4327 hocque
820 4231 1003 4325 supposito
1021 4237 1199 4331 integrum
1220 4236 1322 4334 Papa
1339 4241 1582 4328 declararunt,
1599 4236 1709 4311 fimo·

157 4414 160 4420 ,
181 4373 184 4378 ·
267 4335 316 4416 ‹lo
336 4337 478 4431 dignum
492 4335 790 4427 judicaverit,=ut
809 4331 965 4427 Legatos
978 4335 1015 4404 in
1031 4337 1247 4425 provincias·
1256 4343 1418 4414 mitteret
1431 4337 1617 4430 adjudicia
1632 4335 1712 4430 Epi-

269 4435 422 4526 scopalia
437 4435 571 4523 maiore
584 4455 664 4506 cum
678 4433 897 4505 authoritate
909 4429 1150 4523 instauranda,
1167 4439 1228 4510 vel
1242 4443 1349 4513 etiam
1362 4435 1600 4510 reformanda.
1623 4435 1712 4509 Tria

266 4533 326 4608 hic
343 4532 564 4628 singulariter
576 4531 768 4604 observatu
786 4529 892 4628 digna
911 4529 1007 4604 sunt:
1038 4543 1111 4606 'rino
1131 4533 1227 4610 hunc
1243 4535 1429 4610 Cononem
1445 4557 1519 4608 non
1537 4535 1711 4608 elsenovi

267 4633 353 4724 luris
366 4629 525 4727 vLegatos
545 4630 710 4705 mittendi
729 4629 1013 4728 institutionem,
1038 4628 1097 4703 sed
1121 4633 1195 4708 hoc
1214 4634 1395 4729 supposito
1405 4636 1505 4726 jure,
1533 4648 1711 4726 tamquam

169 4767 170 4772 ,
267 4731 365 4825 quod
379 4732 545 4812 omnibus
560 4733 786 4824 exploratum
801 4728 911 4816 esset,
931 4741 1070 4806 tantum
1086 4729 1366 4807 declarationem
1383 4733 1612 4808 submissionis
1630 4753 1712 4829 erga

266 4833 328 4921 id,
351 4827 448 4923 quod
467 4826 816 4903 romanuspontifex
837 4827 1060 4901 decreverit:
1088 4835 1147 4903 adt
1165 4830 1284 4905 Patres
1302 4832 1507 4921 credidisse,
1528 4834 1599 4906 hoc
1617 4834 1712 4908 idem

140 4961 142 4966 ·
266 4929 699 5030 J'usDelegationumnop
710 4925 852 5022 precise
865 4933 902 5000 in
913 4931 1712 5032 tomanol’atriarchatu,ledindivinossl’e·

1493 5033 1662 5104 'tri

1915 4994 1917 5057 l
