3942 6134
98 1308 99 1393 ᾗ
213 1301 435 1392 ,ὴεωωᾳιιε
457 1287 652 1370 redeumer
676 1289 753 1368 fine·
770 1290 842 1364 ulla
861 1291 1081 1384 paenitentia
1103 1287 1331 1386 impodtione
1353 1316 1419 1391 per
1439 1295 1546 1374 solini
1569 1315 1686 1374 amne·
1726 1276 1731 1292 “

98 1400 99 1445 ³
232 1398 332 1475 stiam
353 1400 391 1472 in
414 1392 577 1469 Eccledae
598 1391 709 1466 sinuiii
734 1391 897 1481 r‘ecepit,
934 1405 976 1462 ut
999 1389 1072 1484 ipse
1093 1389 1349 1490 Cornellut'ad
1366 1395 1582 1490 Cyprianum
1606 1417 1685 1488 per·

98 1486 99 1511 ¹
229 1497 378 1590 scripsit.
425 1493 525 1566 Idem
549 1489 739 1580 Pontifex,
786 1501 896 1584 prout
924 1509 968 1563 eit
985 1491 1157 1584 'Cypriani
1188 1491 1336 1584 epistola
1366 1495 1409 1567 ad
1435 1497 1683 1570 Antonianum

97 1592 100 1639 ἶ
226 1615 359 1694 patet,
399 1591 636 1688 Trophimum
665 1587 904 1686 Episcopum,
949 1590 1010 1680 qui
1033 1592 1138 1664 idolia
1167 1589 1444 1682 sacrificaverat,
1486 1597 1690 1688 populique

224 1691 500 1774 multitudinem
517 1690 634 1764 secum
650 1693 695 1762 ab
711 1687 868 1792 Ecclesia
888 1687 1106 1778 abduxerat,
1144 1688 1227 1762 salli
1247 1693 1504 1784 poenitentem,
1545 1693 1684 1765 fratrea·
1722 1774 1727 1788 ¹

224 1817 302 1890 que
314 1791 475 1869 sedudtos
492 1791 724 1863 reducentem
735 1785 971 1862 satisfactione
988 1785 1124 1862 remilla
1139 1809 1225 1862 mox
1243 1790 1286 1862 ad
1305 1791 1683 1882 communicationem,

222 1893 385 1970 instato
404 1906 523 1965 tamen
544 1889 681 1979 laicali,
705 1885 852 1962 admisit.
904 1884 1038 1986 Quaefi
1062 1907 1156 1960 verae
1173 1886 1460 1981 dispensationis,
1485 1903 1527 1962 ut
1546 1892 1679 1982 placet,
1736 1929 1740 1945 ·

227 1994 399 2083 exempla
428 1989 529 2078 sunt,
563 1986 649 2079 quid
675 1985 760 2060 iude
781 1985 1002 2080 colligitur,
1023 1985 1085 2058 nifi
1109 1984 1285 2060 asiimmis
1306 1985 1562 2076 Pontificibus,
1595 2007 1683 2060 neu·
1753 1989 1756 1998 '

221 2095 362 2186 tiquam
380 2109 472 2164 vero
493 2108 514 2158 a
536 2085 678 2182 singulis
693 2083 879 2178 Episcopia
900 2103 967 2177 pro
988 2085 1082 2156 illius
1102 2087 1170 2157 aevi
1186 2085 1369 2180 disciplina
1386 2091 1442 2180 jus
1459 2084 1681 2184 dispensandi

223 2193 428 2266 exercituin
446 2183 575 2261 fuisset
610 2179 849 2278 Trophimum
866 2181 1111 2276 Episcopum,
1150 2184 1270 2278 ajunt,
1311 2185 1521 2262 aCornelio
1544 2207 1619 2262 non
1640 2199 1682 2260 ut
1741 2249 1743 2254 ,
1824 2250 1825 2253 a

220 2289 343 2386 Papa,
381 2285 441 2362 sed
472 2298 514 2358 ut
545 2283 743 2358 Patriarclia
771 2279 1016 2378 dispensatum.
1068 2281 1138 2354 Sed
1166 2303 1269 2380 nugae
1299 2285 1378 2360 sunt
1405 2285 1497 2360 istae:
1540 2283 1685 2361 colistat

224 2395 325 2466 enini
346 2405 534 2461 romanum
552 2381 769 2478 Episcopum
788 2402 863 2454 non
889 2381 978 2470 alia,
1018 2379 1082 2456 nis
1104 2377 1196 2454 Petri
1214 2383 1448 2460 Authoritate
1470 2385 1681 2460 Patriarcha·

222 2505 308 2564 tuni
333 2477 547 2562 Occidentis
574 2475 785 2554 obtinuisse:
825 2477 939 2581 Quod
967 2498 1054 2573 ergo
1080 2497 1121 2552 ut
1149 2478 1347 2558 Patriarclia
1371 2483 1604 2574 Occidentis,
1644 2481 1704 2556 td'

221 2591 302 2666 hoc
326 2589 403 2682 ipso
429 2597 470 2658 ut
489 2579 790 2656 PetriSuccessor
807 2579 889 2671 jure
912 2579 1068 2664 nativo,
1111 2577 1295 2654 &divino
1319 2581 1465 2661 fecerat.
1517 2581 1680 2659 'santum

220 2692 262 2766 iii
286 2685 443 2760 Oriente
461 2697 612 2778 propter
633 2683 799 2754 locorum
820 2676 1020 2751 distantiam
1040 2673 1248 2754 Parriareua
1273 2681 1425 2758 humana
1451 2678 1684 2778 dispositione
1798 2729 1802 2740 -

218 2788 524 2871 instituebantur,
561 2779 621 2872 qui
637 2780 671 2853 di
690 2780 753 2872 ipsi
775 2780 983 2873 ampliorem
1004 2773 1096 2850 suam
1121 2798 1193 2872 prae
1213 2779 1288 2854 aliis
1308 2777 1491 2878 Episcopir
1509 2781 1682 2858 Authori·

222 2901 343 2989 tatqu
365 2905 411 2958 eit
434 2885 493 2958 illa
519 2875 639 2968 Petn',
686 2882 863 2970 tamquaili
887 2877 1044 2950 rivulum
1066 2879 1116 2948 ‘ex
1143 2877 1330 2958 universali
1357 2880 1463 2956 sonte
1487 2896 1679 2957 traxerant.

220 2987 478 3087 Quamobrem
493 2979 570 3072 jura
586 2975 791 3072 pontificia,
817 2973 1111 3068 &patriarchalia
1127 2977 1164 3049 iii
1181 2997 1333 3052 romano
1349 2979 1529 3074 Episcopo
1534 2983 1681 3080 separari·
1771 3011 1773 3016 v
1874 3037 1875 3096 3

221 3107 309 3164 rioii
325 3081 492 3176 pollunt3
529 3089 631 3153 tantu
709 3084 715 3096 ·
741 3081 830 3169 ingrat·
846 3073 909 3149 sub
927 3073 1001 3148 hoc
1018 3075 1172 3165 intuitu,
1208 3077 1306 3168 quod
1323 3091 1368 3152 eii
1386 3075 1580 3174 pontificiis
1594 3082 1680 3175 juri·

220 3191 300 3260 bus
315 3184 431 3271 aliqua
448 3076 835 3355 Patnarcmfboggntts
851 3173 985 3245 suerint
1001 3176 1285 3267 communicata,
1318 3199 1396 3271 qua
1409 3179 1538 3256 'eadmu
1553 3182 1590 3255 iii
1606 3179 1681 3256 Oc·

218 3279 376 3358 cideote
394 3270 694 3348 uti'atriarelialia
709 3293 745 3384 οί
760 3268 1000 3359 nsiderautur,
1040 3269 1099 3344 sua
1119 3275 1236 3348 autem
1256 3278 1293 3352 iii
1308 3277 1449 3372 radice,
1490 3279 1677 3376 &origine

220 3399 320 3456 vere
342 3369 530 3448 Pontificia
556 3369 647 3444 sunt.
694 3367 794 3443 Hinc
819 3367 1038 3460 antiquilliiui
1062 3367 1276 3466 Ponuficer,
1318 3376 1488 3474 quidquid
1514 3380 1619 3466 etiam
1641 3379 1679 3456 iu

222 3475 435 3555 Occidente
456 3471 736 3562 ordinaverant,
769 3465 969 3568 apostolica
987 3469 1080 3546 l'ttii
1099 3470 1334 3554 Authorltate
1354 3475 1396 3558 se,
1412 3479 1577 3558 ordinare
1595 3499 1680 3578 pro·

222 3578 434 3658 fatebantur.

377 3936 533 4013 ltiuero
547 3933 672 4010 clariss.
683 3933 967 4030 Jungiuicontra
976 3956 1044 4012 not
1054 3953 1297 4036 argumentum
1310 3941 1471 4022 insiniit:
1496 3942 1693 4022 Novati&

223 4041 264 4118 ni
276 4038 373 4116 hanc
384 4035 546 4112 Cornelii
559 4055 640 4130 erga
656 4030 896 4126 Trophimum
916 4036 1172 4132 indulgentiam
1188 4044 1223 4121 iu
1244 4048 1453 4121 calumniam
1475 4061 1674 4134 vertenter,

224 4147 274 4224 ab
292 4143 387 4215 illiue
406 4138 665 4211 communione
673 4131 923 4218 Antonianum
934 4131 1114 4210 Numidia
1123 4135 1339 4237 Episcopum
1357 4143 1554 4220 abstrahere
1569 4163 1680 4218 cona-

220 4243 376 4316 bantun
423 4238 545 4339 Quare
564 4232 765 4326 Cyprianus
785 4231 870 4304 liuic
894 4231 1024 4307 uince
1042 4235 1178 4313 Presmi
1198 4245 1334 4318 litterar
1353 4244 1463 4330 misit,
1490 4245 1527 4315 iii
1547 4243 1676 4334 quibua

221 4339 461 4427 Cornelium,
486 4352 664 4426 tamquam
681 4333 742 4424 qui
760 4329 847 4403 nihil
865 4346 993 4413 contra
1011 4351 1170 4412 ueterem
1188 4339 1405 4436 disciplinam
1424 4343 1674 4433 attentaverit,

220 4460 272 4512 eit
289 4458 336 4510 co
349 4435 478 4527 Capite
493 4445 640 4528 purgat,
664 4427 765 4522 quod
779 4431 816 4502 in
832 4429 1000 4504 similibus
1018 4435 1273 4532 adjuudliejam
1292 4453 1396 4516 antea
1410 4438 1570 4514 Africani
1588 4431 1687 4533 quo·'

202 4559 298 4634 >que
313 4533 477 4628 Episcopi
495 4532 710 4625 disciplinam
729 4529 942 4604 relaxarint:
979 4531 1069 4607 Sicut
1089 4535 1298 4636 Antecesserat
1315 4538 1412 4628 nostri·
1426 4539 1504 4634 sepa
1511 4539 1674 4632 feceriut,

221 4637 402 4731 colligendis
412 4631 575 4724 fratriliut
590 4629 702 4720 nostru
721 4627 907 4726 clanffnas
914 4626 1025 4720 frater
1043 4633 1143 4724 noster
1153 4641 1313 4711 Cornelius
1326 4637 1489 4734 uetustati
1495 4639 1674 4736 succubuit.

218 4735 323 4832 Ergo
344 4729 569 4822 &Episcopit
593 4727 716 4802 usitata
741 4727 810 4826 suit
832 4725 1049 4823 dispensandi
1073 4733 1231 4808 facultas.
1282 4733 1515 4828 Respondeo,
1535 4753 1673 4836 praetor.

221 4855 333 4929 quam
364 4831 460 4922 quod
489 4833 547 4903 illa
565 4831 723 4900 Cornelii
753 4833 875 4920 potius
903 4850 948 4902 ea
972 4829 1175 4906 necessitate
1195 4831 1435 4930 indulgentia,
1471 4855 1573 4927 quam
1592 4858 1670 4929 pro·
1874 4877 1875 4902 i

221 4940 303 5033 pric
328 4929 536 5053 dispensatio
561 4926 690 5020 suerit,
713 4926 786 5001 hoc
809 4929 1216 5102 quidfimhargumentum
1239 4953 1342 5028 quain
1364 4933 1673 5112 certiffimeleiitra
1698 5031 1700 5038 Ι

659 5054 661 5057 ’
744 5067 764 5110 t
991 5051 1011 5122 3
1267 5111 1270 5116 ,
1525 5055 1625 5112 otas
