3942 6134
794 955 1173 1063 μενέει-ιι
1591 995 1668 1098 ⁸9¹

267 1184 306 1263 in
339 1187 468 1282 vigore
501 1160 718 1255 reviviscere
750 1168 913 1264 debere,
959 1192 1039 1265 que
1061 1117 1370 1271 'Archiepiicopos
1401 1170 1627 1270 Germanic,
1677 1139 1739 1251 α’

267 1286 459 1363 universim
492 1284 569 1373 cjus
598 1275 773 1351 Ecclelias
805 1274 912 1368 pactis
941 1274 1093 1365 publicis
1123 1277 1363 1351 recentiorum
1384 1291 1595 1369 ¹temporum
1625 1280 1715 1353 mul·

269 1401 346 1459 tum
371 1383 599 1465 sublevatas„
612 1372 750 1449 arllimi
775 1373 922 1449 iorfitan
945 1372 1099 1448 viuculo
1115 1372 1323 1447 Patriarche
1342 1378 1481 1471 romani
1499 1374 1714 1471 dominatui,

265 1492 504 1577 quamssnuoc
532 1469 718 1551 Pontificio
750 1474 933 1560 sentiunt,
970 1474 1009 1547 in
1040 1465 1162 1545 cauffis
1185 1472 1489 1566 ordinationum,
1526 1474 1717 1555 confirma·

210 1562 215 1583 '
268 1602 380 1671 pum,
415 1577 717 1673 appellationum,
752 1566 1020 1661 viii'estionum,
1054 1578 1097 1646 a'c
1115 1576 1310 1667 generatim
1331 1572 1542 1665 indiciorum
1564 1575 1717 1652 oblitin-

271 1668 422 1777 gerent,
463 1677 497 1749 dr
531 1676 687 1771 graviori
719 1674 809 1769 jugo
843 1670 1069 1780 subjicerent.
1144 1668 1278 1761 Neque
1308 1676 1404 1747 enim
1435 1671 1715 1767 Metropolitani
1801 1737 1805 1744 .

268 1778 381 1861 nostrl
408 1794 572 1868 umquam
600 1770 829 1860 Patriarcbae,
861 1770 933 1845 hoc
957 1767 1026 1858 est,
1060 1771 1163 1863 primi
1187 1770 1324 1853 ordinis
1346 1770 1618 1865 Archiepiscopi
1640 1776 1718 1849 foc·
1795 1801 1799 1807 ·

268 1891 373 1968 rant,
410 1876 468 1951 sed
499 1870 584 1948 inde
611 1892 631 1945 a
658 1871 717 1947 sua
745 1872 883 1966 origine
911 1870 1108 1965 fimplices,
1147 1869 1207 1943 seu
1235 1866 1379 1943 secundi
1409 1870 1546 1943 ordinis
1576 1886 1718 1951 tantum

151 2054 158 2067 ,
267 1974 562 2071 Archiepiscopi,
598 1970 698 2045 &ad
720 1971 892 2045 summunl
918 1966 1041 2045 stride
1066 1966 1272 2064 apostolicae
1286 1966 1388 2043 Sedit
1408 1964 1554 2063 Legati,
1588 1992 1634 2046 ex
1659 1980 1721 2047 cu·¹

267 2079 325 2171 lus
351 2078 473 2173 grstia·
490 2085 698 2161 traxerunt,
741 2068 913 2163 quidquid
942 2070 1121 2165 privilegii
1151 2068 1307 2158 babent,
1348 2066 1654 2145 &Authoritatis
1680 2076 1721 2152 in

266 2179 360 2250 alios
386 2174 632 2269 Episcopatus.
684 2172 772 2347 Qsuo
799 2172 965 2247 incautos
990 2170 1134 2264 rapiunt
1157 2165 1415 2261 amplificandae
1438 2165 1507 2241 sue
1523 2166 1719 2269 Dignitatia
1792 2236 1797 2247 ,

240 2272 403 2368 ¹liudia,
437 2271 482 2349 ad
507 2272 679 2366 malorem
720 2268 1088 2362 uihumiliationem,
1119 2267 1415 2345 confufiooemil
1448 2298 1455 2309 ¹

922 2560 1079 2679 irs
1358 2545 1366 2553 ’

249 2796 254 2803 .
416 2728 532 2837 Quod
559 2750 788 2806 verounum
817 2726 868 2801 est
897 2730 1058 2801 omnium
1087 2731 1306 2819 maximum,
1340 2730 1426 2823 quid
1453 2684 1574 2809 coram
1597 2728 1726 2815 chrissl

268 2828 398 2935 pidicis
419 2832 586 2909 tribunali
609 2828 878 2922 respondebunt
900 2846 945 2899 er
962 2822 1133 2900 Febronii
1157 2826 1247 2901 seila
1262 2827 1500 2920 Novatores,
1533 2837 1593 2923 qui
1616 2841 1725 2915 unius

273 2936 409 3029 Capitis
435 2955 456 3005 a
482 2930 646 3007 Domino
677 2924 827 3000 instituti
853 2926 1043 3021 regimen,
1085 2919 1155 2997 seu·
1175 2926 1420 3004 Monorrditum
1447 2932 1647 3022 antiquitus
1677 2940 1723 3013 ab

54 3034 66 3051 1·
194 3116 201 3125 ι
272 3032 432 3110 Ecctefin
458 3054 524 3124 pro
551 3026 635 3103 fidei
663 3026 833 3123 dogmate
862 3018 1020 3121 agnitum
1035 3023 1076 3115 ⁴)
1101 3041 1297 3121 negantes,
1333 3024 1634 3107 &obedientiam
1659 3032 1724 3111 nist

272 3136 344 3229 jam
373 3134 512 3221 verbo,
542 3141 642 3199 certe
669 3122 861 3200 manifestis
889 3120 1024 3198 adiibus
1050 3122 1274 3218 recusantes,
1307 3124 1443 3200 diretta
1467 3126 1597 3207 Christi
1622 3132 1726 3223 spon·

274 3233 318 3309 ste
343 3226 652 3305 vestem'unitatis
675 3224 946 3318 pulcherrimam
971 3222 1228 3315 dilacerantes,
1261 3225 1516 3320 eamdemque,
1549 3248 1724 3320 quantum

276 3334 313 3406 in
343 3329 424 3424 ipsis
456 3326 550 3416 est,-
571 3322 786 3423 propudiose
821 3322 864 3395 ad
896 3318 1050 3395 hostium
1082 3322 1225 3399 suorum
1255 3326 1448 3399 ludibrium
1482 3326 1724 3423 denudantes,

277 3428 438 3504 divinam
466 3426 726 3503 institutionem
749 3420 917 3495 Ecclesiae
944 3418 1159 3512 profanant,
1194 3444 1386 3515 numquam
1415 3431 1536 3501 tamen
1562 3431 1609 3500 ab
1635 3430 1726 3505 infe·

273 3534 303 3606 ri
332 3528 447 3621 portis
475 3520 750 3617 exsuperandrei
789 3520 913 3612 Atque
940 3519 1018 3593 haec
1045 3523 1196 3596 vulnera
1219 3526 1367 3617 optime
1390 3524 1522 3614 Matri,-
1553 3525 1726 3605 histem·

275 3648 404 3727 porum
430 3616 595 3701 erumnis
612 3624 687 3717 jam
708 3624 856 3697 nimium
881 3616 1199 3713 allidendum,
1234 3624 1335 3714 queis
1358 3622 1531 3719 graffantc
1555 3648 1620 3720 per
1635 3627 1746 3705 Gen.

273 3728 451 3818 maniam,
484 3728 517 3795 dt
540 3724 632 3836 ultra
657 3722 892 3836 irreligionis,
926 3734 1032 3835 quam
1059 3718 1336 3837 illuminatismutn
1361 3736 1519 3812 vocant,
1548 3731 1726 3818 pernicio-

275 3827 310 3903 ἡ
337 3818 458 3992 ⁹²st‘t
493 3817 1379 3995 ¹¹‘lalliiilltlllllltldldiilla
1399 3819 1594 3997 'irfiiiii
1617 3846 1725 3998 ⁰Vi’

277 3940 543 4099 ffiqgoemzitffio
571 4012 693 4091 summi
719 3938 871 4087 intigris
899 4036 980 4089 cum
1008 4018 1323 4111 omnipotestatis
1350 3943 1577 4115 plenitffiine
1604 3947 1726 4117 regu?

134 4164 143 4177 κ
275 4138 441 4208 seretur3
484 4119 584 4211 queis
622 4134 763 4191 morum
799 4112 889 4187 inira
922 4118 1091 4210 gentilem
1119 4118 1204 4193 ‘iere
1237 4120 1459 4195 honestatem
1498 4118 1725 4214 delapsorum

278 4227 381 4298 ruina
410 4221 448 4293 in
474 4217 743 4311 particularibus
771 4212 937 4288 Eccleliis
960 4215 1071 4313 longe
1098 4218 1195 4292 aliud
1221 4219 1440 4294 reformandi
1468 4218 1620 4297 studium
1653 4225 1728 4297 exi·

278 4334 403 4419 geret,
433 4338 508 4391 non
542 4316 623 4391 lanc
653 4316 698 4386 ad
732 4315 799 4389 soae
832 4312 1012 4410 dignitatis
1044 4335 1126 4389 cum
1163 4318 1359 4410 pontificiae
1391 4316 1493 4393 Sedis
1528 4320 1726 4415 ignominia
1850 4308 1854 4319 ⁴

279 4416 616 4515 amplificationem,
657 4412 718 4487 sed
753 4412 796 4487 ad
828 4416 981 4505 publice
1011 4419 1232 4509 penitentie
1265 4420 1304 4491 in
1340 4416 1474 4510 clero,
1513 4424 1728 4517 populoque

252 4518 537 4639 ¹humilitatem,
570 4534 612 4590 ac
637 4516 723 4586 vitae
746 4514 1060 4603 emendationem
1100 4518 1202 4622 queis
1228 4516 1274 4593 ad
1300 4513 1558 4623 sustentandam
1589 4522 1729 4614 episco-

915 4614 1079 4715 Qqqa
1370 4707 1374 4714 ‚
1582 4622 1675 4717 palla

278 4802 949 4833 ψῃ*

326 4920 394 5009 ,“’)
414 4918 494 4984 Vide
509 4928 605 5013 lotam
620 4918 708 5001 hujus
722 4920 792 4991 iibri
802 4920 965 4993 Partcmll.

1916 4751 1919 4852 Χ

1917 4855 1918 4896 l

1917 4903 1919 4940 l
