3942 6134
681 1057 689 1070 ’
775 1109 1121 1158 m
1552 1115 1624 1195 aaa

217 1273 276 1338 ter
294 1257 440 1336 carsatis
458 1259 621 1352 coellet,
658 1263 856 1355 antiquitus
872 1260 989 1336 multo
1010 1257 1236 1358 rigidiorem,
1273 1289 1376 1360 quani
1395 1273 1527 1358 nostris
1548 1277 1676 1361 diebus

215 1363 437 1454 paenitentiae
459 1361 678 1456 disciplinam
700 1361 872 1458 viguisse:
905 1357 1145 1434 -niliilomiiius
1170 1379 1297 1460 tantusw
1316 1371 1377 1440 ille
1396 1375 1424 1446 ri
1449 1397 1492 1448 or
1516 1400 1676 1454 commu·

215 1461 270 1534 nis
290 1458 483 1556 disciplinae
507 1481 577 1558 pro
598 1462 830 1562 singularibus
850 1457 1118 1535 circumstantiis
1141 1461 1320 1541 interdurn
1343 1469 1387 1541 ab
1436 1475 1587 1570 piscopis
1606 1477 1675 1553 suit

103 1565 104 1575 ’
213 1558 396 1650 remissus,
422 1560 517 1652 sive,
542 1561 712 1635 utbodie
731 1561 800 1634 dici
823 1573 939 1646 amat,
965 1557 1190 1652 dispensatus.
1243 1563 1447 1658 Antequam
1466 1575 1508 1645 ad
1527 1575 1675 1671 lingula·

211 1659 266 1731 ria
286 1658 355 1732 hac
374 1661 471 1734 inre
491 1681 560 1734 nor
582 1662 834 1750 immittamus,
856 1661 962 1752 juvat
978 1679 1059 1732 cuni
1081 1657 1217 1735 dodliss.
1240 1664 1406 1740 shardon
1435 1672 1475 1758 *l
1501 1692 1674 1765 prenota-

209 1777 274 1844 re,
303 1758 453 1849 primum
472 1782 493 1834 a
510 1759 644 1854 dilapso
667 1762 761 1832 tertii
783 1759 888 1832 seculi
908 1757 1056 1871 dimidio
1075 1755 1236 1848 firmam,
1263 1761 1442 1878 limamque
1459 1772 1674 1885 penitentie

208 1851 1674 2054 bibistiltili?inlisilsllilri{inlisisinlisislll

207 2050 240 2129 sa
261 2057 478 2146 paenitentia
502 2057 546 2129 ad
573 2056 761 2134 secundam
787 2053 1094 2134 reconciliationis
1114 2061 1259 2151 gratiam
1286 2061 1385 2156 posse
1409 2066 1577 2158 admitti,
1625 2067 1675 2142 di·

205 2153 318 2226 versae
342 2167 461 2228 tainen
483 2156 603 2246 quoad
625 2157 845 2248 penitentie
872 2153 1046 2241 modum,
1084 2175 1125 2226 ac
1154 2171 1295 2251 tempus
1320 2179 1422 2240 erant
1442 2165 1675 2240 consuetudi.

206 2269 270 2324 nes
293 2273 362 2344 pio
381 2252 527 2328 diversis
544 2253 735 2346 Ecclesiis,
760 2255 834 2339 imo
860 2255 922 2325 viii
941 2253 1041 2323 ullibi
1066 2253 1231 2330 constans
1250 2260 1501 2352 consuetudo,
1526 2265 1585 2339 scd
1603 2288 1672 2358 pro

209 2347 329 2424 denen
345 2355 545 2448 gravitate,
574 2353 608 2426 di
629 2356 838 2446 poenitentis
861 2349 1115 2446 dispositione,
1142 2354 1267 2430 aliisve
1287 2359 1457 2452 adjunslis
1474 2363 1672 2440 mensurno·

209 2447 253 2518 da
273 2453 487 2544 plerumque
503 2451 738 2528 sacerdotum
759 2448 897 2545 judicio
921 2450 1142 2543 poenltentia.
1196 2453 1250 2530 Ex
1274 2479 1348 2550 quo
1371 2461 1591 2538 manifestum
1614 2463 1670 2558 fit,

209 2546 395 2631 ubi'firma
416 2549 580 2630 nondum
603 2555 663 2630 lex
687 2554 785 2646 suit,
829 2571 901 2626 nec
917 2555 1045 2645 locum,
1064 2554 1217 2648 proprie
1241 2555 1490 2652 dispensationi
1516 2561 1592 2648 esse,
1605 2585 1673 2660 po·

209 2645 325 2722 ruite.
1491 2696 1494 2704 ¹

312 2963 365 3040 At
385 2987 479 3044 vcro
502 2969 839 3067 iideacypilaiii,
882 2970 1096 3067 &Cornelii
1121 2977 1433 3056 avo'uniirersalis
1455 2983 1493 3060 in
1514 2985 1672 3066 Ecclefia
1733 3001 1781 3064 '.

205 3069 268 3144 lex
291 3070 512 3159 penitentie
533 3070 726 3150 constituta
746 3070 817 3161 est,
840 3108 842 3113 ·
864 3072 956 3166 lapfir
976 3081 1009 3148 i'n
1027 3077 1256 3169 persecutione,
1294 3085 1351 3154 boc
1366 3084 1428 3176 est,
1453 3085 1671 3180 sacrificatis,

187 3170 262 3240 ‘ltu
284 3169 467 3238 trahendam
488 3165 574 3263 effi,
610 3176 819 3263 agminaque
833 3173 959 3266 plenam
972 3179 1188 3265 persecutioni
1209 3174 1301 3273 ’ὓς
1342 3203 1409 3272 qua
1431 3181 1467 3256 in
1488 3187 1566 3280 lege
1588 3205 1671 3266 enta
1870 3213 1871 3250 ³

203 3259 382 3353 Episcopi
409 3265 599 3352 aliquoties
629 3266 835 3372 dispensasse
863 3271 1048 3362 legantur,
1082 3273 1160 3361 nnis
1181 3292 1292 3371 neget
1319 3281 1496 3372 antiquam
1526 3287 1671 3368 illorum

206 3359 434 3452 dispensandi
456 3361 698 3453 potestatem?
733 3364 865 3458 Operae
885 3370 1038 3460 pretium
1063 3370 1113 3444 est
1133 3376 1293 3466 inprimis
1313 3376 1420 3472 ipsam
1440 3379 1532 3456 hanc
1555 3387 1671 3480 legem·

206 3460 370 3554 penitius
383 3459 632 3552 considerare,
656 3481 732 3542 tum
755 3485 847 3540 vero
860 3465 1026 3541 historica
1039 3467 1128 3544 sabla
1154 3473 1197 3544 ad
1217 3477 1385 3552 trutinam
1406 3500 1551 3558 vocare:
1605 3487 1674 3579 Cyn

207 3562 356 3652 prianua
373 3561 494 3650 itaque
512 3560 628 3636 caussa
646 3563 824 3656 lapsorum
846 3587 913 3658 pro
936 3580 1102 3657 tempore
1124 3572 1381 3662 persecutionis
1405 3579 1561 3673 suspensa
1585 3605 1671 3667 mox
1870 3601 1871 3674 l

207 3655 351 3732 reddita
379 3679 468 3750 pace
493 3660 531 3732 in
559 3658 727 3736 Concilio
750 3664 1016 3761 Cartbaginenfi
1041 3678 1263 3760 parentinum
1289 3673 1472 3752 decretum
1498 3683 1543 3756 de
1571 3685 1672 3778 lapsll
1870 3689 1871 3754 ἕ

209 3755 346 3859 edidit,
373 3757 534 3846 quodid
555 3757 1084 3841 CorneliumRomecreatum
1106 3767 1320 3863 Episcopum
1343 3780 1598 3874 transmissum,
1625 3793 1671 3860 ab

211 3855 345 3928 eodem
367 3855 630 3947 adprobatum,
649 3878 761 3950 atque
785 3863 821 3937 iii
839 3861 1001 3940 Ecclefia
1024 3864 1093 3941 suit
1115 3869 1348 3958 publicatum,
1399 3875 1455 3952 En
1475 3901 1519 3954 eii
1544 3883 1672 3978 episto
1870 3911 1871 3924 ¹

207 3953 243 4026 la
268 3952 314 4026 ad
333 3952 584 4028 Antonianum
605 3955 678 4049 ipsa¹
700 3959 835 4032 decreti
857 3964 989 4059 verba:
1015 3963 1232 4058 „scripturis
1252 3969 1313 4046 din
1333 3994 1378 4050 eii
1399 3992 1549 4070 utraque
1570 4000 1671 4074 parte

209 4055 390 4143 „prolaais
418 4069 740 4145 temperamentum
768 4057 893 4132 salubri
914 4061 1168 4138 moderatione
1198 4069 1431 4166 libravimus,
1473 4097 1511 4151 ut
1539 4101 1607 4153 nec
1632 4077 1671 4154 i‘n

209 4164 361 4239 „totum
379 4151 456 4242 spes
473 4155 833 4245 communicationis,
866 4158 898 4234 dt
916 4162 1013 4250 pacis
1031 4163 1132 4254 lapfia
1149 4164 1405 4262 denegaretur,
1420 4229 1423 4236 .
1441 4198 1487 4250 rie
1510 4181 1589 4270 plus
1610 4179 1672 4254 de.

209 4249 441 4342 „speratione
460 4248 679 4344 deficerent,
707 4255 739 4326 dt
758 4256 905 4346 eoquod
924 4259 985 4331 sibi
1004 4257 1158 4336 Ecclesia
1177 4267 1423 4361 clauderetur,
1449 4277 1557 4348 secuti
1577 4277 1671 4354 secu·

208 4351 311 4437 „lum
329 4352 511 4443 gentiliter
532 4356 720 4441 v-iverenr3
747 4375 817 4426 nec
839 4357 1045 4444 tamrursus
1062 4359 1204 4435 censura
1225 4375 1431 4466 evangelica
1454 4374 1669 4466 solveretur,
1757 4463 1764 4472 ,

208 4461 280 4534 „ut
300 4450 343 4518 ad
366 4451 730 4526 communicationem
759 4467 895 4526 temere
917 4455 1140 4549 prosilirent,
1182 4463 1239 4534 sed
1263 4471 1462 4543 traheretur
1478 4474 1538 4548 diu
1560 4481 1671 4572 pieni·
1870 4487 1871 4542 l

208 4551 377 4636 ‚,teniia,
413 4548 446 4619 di
475 4566 660 4643 rogaretur
688 4551 857 4626 dolenter
887 4571 1033 4648 paterna
1069 4559 1284 4653 clementia,
1323 4569 1355 4640 di
1384 4575 1678 4654 examinarentur

205 4643 375 4735 „caesim
403 4648 436 4719 bi
455 4653 676 4741 voluntates,
701 4647 975 4728 &necessitates
995 4655 1258 4754 finguloruin·“
1309 4663 1345 4740 Si
1361 4667 1434 4760 jain
1454 4673 1496 4746 ad
1514 4673 1671 4770 spiritum

738 4752 1067 4830 ..Hhar

209 4849 551 4987 ...Tisi-M
562 4875 742 4970 santonicos.
759 4913 850 4981 Toni.
862 4934 900 5000 3,
921 4935 953 4996 p.
966 4883 1041 5002 egoi
1369 4865 1380 4876 ·

271 4995 320 5076 ”)
342 4990 483 5070 ciprian.
502 4994 582 5068 apul.
596 5013 638 5076 52
657 4997 693 5058 ad
707 4999 821 5065 Ancon·
870 5022 872 5027 ·
