3942 6134
306 1068 390 1165 396.
489 1095 512 1174 3
812 1085 1144 1140 mm

130 1217 135 1222 ’
264 1267 361 1340 „pro
380 1243 438 1320 sua
458 1243 509 1322 est
521 1241 975 1335 aestimatione—sollicitum·
996 1267 1100 1336 cum,
1123 1241 1235 1338 uquid
1251 1237 1445 1320 illi‘luess‘e't
1461 1237 1648 1339 spiritualis
1660 1244 1716 1321 in·

264 1343 452 1442 „dustriae,
476 1345 576 1420 ita&
600 1349 763 1438 aquibus
790 1342 974 1420 ordinatus
991 1345 1053 1436 srt,
1076 1346 1111 1418 dt
1129 1347 1188 1420 cui
1204 1347 1288 1420 uiro
1305 1337 1527 1433 successerit,
1552 1347 1712 1440 cogitare

259 1443 437 1542 deberet,
461 1461 501 1522 ut
511 1449 620 1546 magis
630 1447 670 1522 Β.
680 1445 911 1535 Flavianum,
938 1465 1043 1540 quam
1059 1444 1109 1520 sui
1123 1445 1274 1538 honoris
1287 1443 1493 1539 sequeretur
1507 1442 1713 1522 auiiorer.“

308 1775 315 1782 ’
417 1781 564 1864 Frivola
582 1771 631 1859 esi
649 1777 884 1877 quorumdam
903 1779 1096 1872 exceptio,
1119 1799 1196 1854 eam
1213 1801 1289 1856 non
1308 1776 1410 1856 fuisse
1422 1779 1569 1874 flabilem
1589 1775 1714 1874 Legati

267 1880 570 1987 jurisdidionem,
586 1888 730 1978 suippe
748 1901 825 1976 quae
841 1877 885 1952 ad
902 1880 1097 1951 relationes
1115 1883 1292 1972 quaslibet
1309 1878 1500 1961 caussarum
1519 1901 1539 1952 a
1554 1878 1648 1973 Papa
1651 1877 1717 1970 snr-

265 1987 420 2109 gulplitcr
434 1983 588 2078 delegari
603 1986 779 2057 debuerit.
804 1979 951 2052 Certum
966 1974 1016 2049 est
1030 1978 1147 2069 enim,
1170 1983 1230 2056 vel
1245 1977 1350 2074 ipsam
1365 1982 1517 2074 publicae
1531 1977 1717 2072 inspesiio·

269 2083 307 2156 ni
342 2075 566 2176 a‘preriore
580 2083 780 2158 concessam
798 2077 1094 2180 facultatemjam
1112 2077 1181 2151 else
1199 2083 1399 2177 generalem
1417 2077 1716 2172 quamdam,ma·

267 2101 443 2278 pesamque
454 2181 755 2274 iurisdietionem,
779 2182 823 2252 ad
838 2178 942 2270 hujus
956 2197 1048 2250 vero
1060 2197 1128 2270 pro
1142 2181 1350 2271 quibusdam
1363 2178 1615 2275 singularibus,
1632 2197 1718 2272 prar-

201 2302 204 2315 ⁴
271 2280 376 2372 cipue
398 2271 569 2378 ambiguis
592 2283 725 2358 casibus
750 2279 960 2353 exercitium
985 2277 1092 2370 plane
1117 2279 1227 2375 exigit
1248 2275 1438 2372 necessaria
1458 2276 1584 2374 Legati
1609 2277 1714 2351 aluo

271 2375 438 2473 Principe
457 2381 719 2476 dependentia,
736 2396 778 2454 ut
794 2382 865 2453 hoc
883 2375 1088 2452 inconsulto
1106 2377 1193 2462 nihil
1213 2379 1274 2452 ille
1292 2376 1486 2476 presumat.
1536 2374 1634 2450 Hinc
1651 2382 1710 2449 ob

142 2499 145 2503 ·
269 2476 483 2554 servandum
502 2479 572 2570 est,
599 2482 698 2574 quod
721 2481 754 2554 S.
768 2480 847 2553 Leo
871 2497 946 2550 non
964 2480 1000 2548 in
1019 2468 1207 2564 omnibus,
1232 2477 1292 2552 sed
1308 2493 1448 2552 tantum
1464 2481 1620 2571 arrlig'uis
1634 2475 1715 2550 cast·

85 2569 118 2592 ”
212 2653 215 2666 ,
271 2579 452 2652 bussuum
469 2577 640 2673 Legatum
655 2579 791 2674 jrrllerit
811 2599 830 2650 a
848 2573 1083 2648 seconfilium
1105 2592 1240 2668 petere.
1292 2571 1465 2650 Praeterea
1487 2596 1591 2668 quam
1611 2577 1716 2648 inuti·

217 2741 221 2755 .
271 2677 315 2752 lis
332 2677 373 2753 lit
390 2675 486 2765 nee,
511 2699 675 2770 vanaque
693 2675 820 2749 nostris
840 2673 965 2746 diebus
982 2674 1188 2761 cavillatio,
1220 2675 1325 2748 facile
1343 2677 1491 2768 quisque
1509 2675 1714 2770 perspiciet:

224 2763 231 2780 ’
269 2773 299 2859 ¹st
315 2776 409 2848 enim
428 2769 494 2867 pro
501 2774 658 2872 specificis
675 2775 810 2848 casibus
819 2769 995 2869 J'ontisex
1012 2769 1075 2843 suo
1089 2776 1131 2845 iri
1144 2776 1245 2847 terris
1258 2777 1382 2848 alienis
1394 2774 1560 2848 relideoti
1571 2773 1715 2849 Nuntio

273 2872 437 2968 delegare
452 2875 570 2966 potest
582 2871 886 2968 jurisdiiiionem3
909 2891 972 2943 cur
988 2888 1064 2943 non
1079 2869 1182 2965 possit
1195 2877 1382 2966 generaliter
1394 2874 1555 2949 eamdem
1572 2895 1641 2970 pro
1659 2897 1716 2949 ca·

271 2972 365 3049 libus
383 2973 458 3066 ipso
470 2975 551 3068 jure
565 2973 627 3048 srbi
641 2971 827 3047 reservatis
842 2972 942 3044 alteri
961 2970 1216 3045 committeres
1253 2974 1360 3046 Certe
1376 2994 1451 3048 non
1467 2973 1528 3048 hic
1540 2977 1652 3049 ullum
1664 2975 1715 3050 est

271 3071 458 3166 potellatis
479 3071 686 3164 discrimen,
703 3071 771 3146 sed
785 3073 1033 3166 negotiorum:
1061 3073 1127 3144 alia
1150 3071 1229 3145 sunt
1245 3074 1340 3165 plani
1349 3075 1459 3166 juris,
1489 3091 1551 3148 aut
1568 3075 1715 3149 minoris

272 3173 470 3260 momenti;
498 3175 564 3245 alia
581 3193 674 3256 vero
687 3171 900 3256 difficillima
918 3171 1113 3264 indaginis,
1138 3188 1200 3244 aut
1218 3169 1400 3267 gravissimi
1419 3172 1608 3264 ponderis:
1636 3185 1722 3251 uon‘

191 3317 195 3326 «
274 3271 354 3364 illa,
372 3270 460 3346 sicut
474 3271 551 3348 haec
569 3272 740 3371 aLegato
757 3271 802 3347 ad
819 3268 1021 3367 Principem
1034 3269 1157 3347 referri
1171 3271 1304 3347 debere
1316 3269 1538 3348 manifestum
1555 3272 1617 3349 est.

945 3447 981 3566 s.
1004 3450 1048 3542 s.

420 3592 636 3693 Exemplum
649 3593 683 3671 S.
694 3593 828 3670 Leonis
848 3593 958 3670 secuti
971 3593 1188 3690 posteriores
1202 3590 1397 3670 Pontifices
1421 3611 1618 3692 perpetuos
1638 3596 1719 3676 suot

175 3743 178 3755 ·
274 3695 312 3768 in
327 3694 406 3766 aula
420 3693 650 3792 Imperatoris
665 3694 848 3786 Nuntios,
864 3714 981 3791 graeco
996 3695 1143 3768 nomine
1158 3695 1405 3791 Apocrifiorior,
1420 3698 1534 3772 latino
1548 3699 1718 3797 Respmse

274 3797 340 3881 tes,
355 3796 507 3874 maxime
523 3799 671 3890 proprio
686 3811 805 3869 autem
824 3789 1051 3892 Commiffirrirr
1064 3784 1343 3869 constituerunt:
1358 3795 1394 3885 ¹&
1415 3795 1466 3869 isti
1480 3797 1623 3889 quidem
1640 3819 1717 3874 nou

273 3895 427 3988 amplius
447 3893 635 3988 Episcopi,
661 3895 719 3967 led
737 3893 889 3992 Diaconi
907 3892 1071 3985 fuerant3
1098 3893 1265 3986 liquidem
1281 3915 1362 3968 cum
1374 3897 1446 3988 jam
1465 3894 1536 3973 fixa
1552 3896 1662 3990 esset,
1683 3896 1718 3970 dt

275 4007 451 4089 perpetua
467 4014 590 4067 eorum
608 3991 923 4086 Constantinopoli
942 3986 1074 4084 Sedes,
1094 3992 1139 4066 ab
1151 3982 1307 4069 Ecclefia
1322 4004 1442 4070 autern
1461 3995 1518 4070 sua
1535 4011 1717 4092 perpetuo

276 4091 589 4188 abelseEpiscopis
608 4114 682 4167 non
698 4097 845 4181 liceret,
876 4093 997 4186 potius
1011 4091 1185 4186 Diaconis
1199 4094 1271 4168 boc
1287 4096 1444 4169 muneris
1460 4099 1718 4172 conveniebat.

221 4251 225 4260 .
274 4189 402 4286 ltaque
415 4196 552 4268 romani
568 4188 760 4267 Pontifices
773 4194 860 4273 sexti
872 4191 1000 4282 seculi,
1021 4190 1227 4288 Agapetus,
1249 4193 1439 4286 silvester,
1455 4195 1632 4295 Vigilius,
1656 4195 1718 4286 Pe·

248 4291 249 4296 ’
275 4291 409 4388 lagius,
425 4292 619 4390 Gregorius
636 4291 690 4366 M·
708 4295 836 4389 aliique
853 4291 933 4366 suos
950 4295 987 4365 in
1004 4295 1084 4364 aula
1099 4291 1331 4386 imperatoria
1347 4293 1504 4368 babuisse
1518 4295 1718 4390 Appeffla

275 4395 348 4465 rios
363 4397 550 4488 leguntur,
561 4407 721 4485 'quorum
735 4413 862 4490 magna
876 4391 981 4477 valde
992 4391 1034 4495 in
1048 4390 1202 4465 Oriente
1218 4392 1368 4489 dignitas
1381 4395 1450 4478 fuit
1462 4395 1495 4466 dt
1508 4389 1717 4469 ausioritast

276 4487 537 4586 Episcoporum
559 4493 727 4586 liquidem
754 4494 1022 4581 ordinationes,
1051 4493 1194 4583 aliaque,
1211 4494 1353 4585 majoris
1376 4497 1551 4590 momenti
1572 4495 1720 4590 negotia

191 4623 193 4635 ·
276 4591 435 4682 ejusdem
450 4589 816 4684 Pontificisnomine,
833 4591 932 4683 cujus
950 4594 1049 4666 vices
1061 4595 1254 4688 gerebant,
1272 4593 1330 4672 sua
1341 4599 1562 4670 roborabant
1575 4595 1722 4689 presen-

276 4691 336 4765 tia.
370 4689 526 4766 Tantam
550 4692 648 4771 hisce
673 4689 869 4787 pontificiis
888 4689 1054 4787 Legatis‘,
1073 4691 1137 4766 etsi
1155 4691 1339 4765 dumtaxat
1354 4692 1529 4769 Diaconis
1548 4713 1717 4768 reveren·

274 4791 361 4876 tiam
376 4789 727 4884 Ecclolia'exbibuit,
752 4791 794 4867 t'r't
811 4793 972 4888 plerique
986 4794 1101 4871 veluti
1117 4811 1163 4866 ex
1177 4794 1345 4883 proximo
1357 4795 1466 4888 gradu
1482 4793 1527 4868 ad
1542 4793 1721 4869 summum
1746 4831 1755 4848 =

274 4891 384 4983 usque
397 4885 649 4970 Pontificatum
666 4893 941 4987 assumerentur,
962 4893 1017 4968 uti
1031 4893 1191 4990 Pelagius
1206 4889 1257 4984 l.,
1281 4887 1477 4992 Gregorius
1489 4895 1542 4972 Μ.
1560 4892 1716 4967 Sabinia-

1584 5011 1669 5082 uus,
