3942 6134
732 1122 1102 1165 -Ψ
1335 1146 1340 1153 -
1566 1126 1619 1202 43
1713 1116 1719 1123 '

104 1256 105 1259 Ὺ
212 1292 269 1379 io,
305 1283 525 1364 numine
543 1298 566 1355 a
585 1220 794 1375 maurum
814 1220 908 1353 salsrr
924 1278 1093 1351 fratribus
1108 1272 1240 1375 Judele
1258 1245 1451 1357 eontentio
1469 1242 1553 1361 orta
1571 1282 1662 1367 ess'er
1735 1261 1739 1267 ’

210 1389 255 1462 de
279 1382 573 1469 circumitione,
614 1394 765 1471 totaque
790 1380 925 1473 Moyiit
948 1381 1028 1473 lege
1053 1378 1160 1452 etiarn
1183 1378 1389 1455 Gentilibus
1414 1384 1457 1457 ad
1481 1384 1660 1467 Christum

104 1556 106 1577 ,
210 1486 392 1562 murreus
415 1479 654 1576 inponenda
682 1476 830 1568 Paulus,
858 1494 899 1549 ut
919 1476 994 1569 ipse
1012 1476 1159 1553 testatur
1174 1478 1320 1581 Galli,
1344 1485 1455 1556 divine
1469 1489 1660 1565 revelatione

211 1584 526 1677 Hierosolymam,
565 1580 640 1675 NB
657 1595 746 1651 tunc
764 1575 881 1650 adhuc
900 1578 1074 1668 temporie
1091 1582 1276 1653 matricem
1292 1578 1508 1664 Ecclesiam,
1540 1584 1602 1657 ubi
1623 1586 1667 1661 dt
1719 1666 1723 1675 ,

104 1668 106 1735 3
211 1676 333 1781 Caput
350 1682 471 1757 rerem
491 1681 632 1769 aderat,
669 1677 826 1751 ascendit
849 1674 953 1767 super
973 1675 1040 1749 hat
1063 1675 1260 1769 quaestione
1278 1676 1473 1755 Columnas
1491 1678 1660 1759 Eccleliae

210 1784 449 1861 consulturae.
499 1776 685 1872 Apostolia
700 1776 796 1853 hunc
813 1776 851 1847 in
867 1770 976 1849 finem
995 1794 1146 1851 unacum
1164 1775 1405 1873 Presbyteria,
1430 1782 1577 1875 aliiaque
1592 1780 1661 1857 fra

209 1888 328 1959 tribue
343 1882 569 1977 congregetis
589 1897 713 1975 magna
732 1872 919 1949 hincinde
938 1870 1027 1946 salia
1043 1872 1094 1945 eli
1112 1874 1315 1967 disquisrtio.
1365 1876 1464 1953 Turn
1484 1900 1576 1953 vero
1593 1884 1663 1959 lite

213 1984 327 2057 adhue
344 1981 531 2075 pendente
543 1974 668 2053 dame
685 1992 864 2067 tamquam
881 1970 1070 2065 apostolici
1090 1974 1268 2047 consessor
1283 1974 1410 2051 Praeses
1428 1978 1599 2070 surrexit,
1624 1980 1663 2056 dt

214 2068 344 2178 primus
360 2082 521 2155 omnium
540 2080 646 2151 etiam
664 2080 705 2149 in·
718 2072 902 2170 presentia
916 2072 1043 2165 Jacobi
1058 2070 1394 2185 Hierosolgyftanae
1409 2076 1576 2154 Ecclehe
1587 2080 1661 2157 An·

213 2180 326 2255 tistitis
342 2200 410 2273 pro
424 2176 719 2252 sua'authoritate
733 2172 945 2248 sententiam
960 2174 1136 2264 protulit,
1171 2194 1274 2265 quam
1291 2194 1501 2257 reverenter
1517 2199 1660 2270 omnen,

211 2301 232 2355 a
252 2282 408 2355 tumultu
427 2298 524 2353 nunc
543 2274 715 2351 cessanter
734 2274 771 2365 in
792 2272 932 2375 [pantio
953 2284 1197 2368 exceperunt:
1235 2272 1346 2347 licuit
1364 2283 1465 2351 omnir
1482 2284 1662 2360 multitudo.

209 2376 306 2453 Petri
329 2391 446 2452 autem
471 2377 655 2451 sententie
677 2374 737 2447 hic
760 2384 836 2445 etat
856 2368 1049 2465 ingressus:
1077 2372 1119 2445 Se
1132 2372 1204 2464 jurn
1218 2376 1342 2468 pridem
1360 2397 1383 2447 u
1405 2374 1477 2449 Der
1492 2374 1586 2476 fuiffl
1603 2384 1658 2455 ele

104 2512 106 2549 r
210 2482 321 2564 dium,
345 2493 382 2550 tn
398 2495 453 2572 per
473 2478 613 2571 esserunt
631 2488 740 2569 genter
760 2470 934 2563 Evangelii
948 2472 1082 2544 ueniunt
1101 2471 1265 2559 meditent,
1290 2473 1524 2558 &crederent
1571 2472 1663 2556 Haec
1738 2474 1743 2481 ’

212 2580 328 2651 verba
354 2572 446 2649 Petri
472 2571 669 2653 hodiedum
699 2593 719 2645 a
745 2570 852 2643 nobie
883 2567 1049 2643 summam
1081 2580 1265 2660 merentur
1290 2575 1541 2648 attentionem,
1592 2576 1662 2670 Se,

212 2676 281 2763 rit,
315 2693 337 2748 a
355 2673 439 2749 Deo
462 2670 533 2747 esse
552 2671 728 2760 eludium,
744 2668 799 2769 ,dt
812 2666 1074 2757 ,constitutum
1111 2683 1151 2740 ut
1169 2683 1296 2763 gentes
1317 2692 1382 2764 per
1400 2692 1445 2745 oa
1463 2672 1561 2748 suum
1582 2696 1663 2750 ver·
1774 2732 1779 2741 .

211 2774 296 2848 bum
318 2772 389 2847 Dei
417 2772 591 2847 audirent
644 2770 820 2875 Quamvis
842 2765 970 2840 Paulus
995 2788 1040 2839 ert
1061 2767 1212 2859 quadarn
1235 2772 1487 2846 conventione
1508 2774 1663 2851 humana

104 2952 105 2969 Ν
210 2870 411 2965 Apostolus
439 2874 599 2967 gentium
622 2872 754 2967 magia,
796 2880 902 2958 quana
924 2864 1129 2961 ludaeorum
1155 2866 1390 2959 deputaretur
1413 2867 1492 2944 Gal.
1514 2870 1574 2963 ll,
1611 2894 1663 2969 93

104 2972 106 3009 l
209 2968 335 3047 Petttte
357 2984 480 3045 tamen
503 2966 652 3059 effatur,
689 2964 807 3059 perse
827 2981 952 3061 gentes
977 2964 1049 3039 elle
1067 2960 1112 3035 ad
1135 2961 1243 3040 fidem
1266 2982 1436 3058 vocatae,
1473 2968 1507 3041 dt
1530 2993 1596 3065 per
1618 2988 1663 3047 oe
1803 3012 1821 3065 3

209 3070 309 3144 suurn
335 3084 509 3162 oportere
534 3070 612 3143 illas
638 3067 762 3141 audire
786 3066 970 3158 Evangelii
1002 3052 1164 3136 herbum.
1219 3066 1303 3163 Qua
1329 3069 1540 3161 prefatione
1566 3071 1666 3149 suant

208 3170 243 3241 in
265 3184 418 3264 genter,
450 3186 600 3257 nmque
620 3166 779 3237 divinent
804 3162 1059 3233 authoritatem
1081 3161 1118 3231 in
1138 3160 1339 3255 Evangelio
1364 3186 1442 3239 non
1464 3166 1577 3243 solum
1601 3192 1662 3245 an·

105 3334 106 3347 ξ
207 3263 442 3347 nuntiando,
473 3282 599 3333 verum
634 3263 739 3331 etiam
776 3256 998 3347 exponendo
1030 3254 1245 3343 declaravit,
1292 3274 1336 3329 ut
1364 3276 1526 3353 pateret,
1556 3288 1664 3360 quam

105 3396 106 3399 ε
209 3382 296 3446 nox
327 3358 534 3452 prolaturus
560 3354 670 3447 ellit,
708 3353 917 3429 sententiam
944 3372 1020 3426 non
1044 3356 1116 3443 jam
1149 3352 1364 3429 dubitationi
1395 3360 1664 3459 subjiciendam,
1819 3420 1823 3427 -

210 3460 267 3537 sed
297 3455 483 3533 communi
514 3452 645 3529 assensu
677 3450 984 3545 impleriendam:
1022 3450 1102 3525 Nrrr
1130 3452 1236 3527 debere
1265 3454 1443 3535 Gentilibus
1469 3468 1666 3543 intolerabile
1772 3500 1776 3503 ·

106 3534 108 3615 ἶ
212 3556 462 3653 Mryfitiugrrn
480 3558 607 3648 imperti.
658 3548 845 3643 Postquam
867 3546 992 3624 Petrus
1014 3552 1181 3624 elocutus
1203 3552 1272 3642 est,
1304 3574 1375 3631 una
1394 3571 1522 3635 omnen
1544 3565 1580 3637 in
1598 3564 1666 3640 Pe·

214 3662 257 3731 tri
276 3654 486 3731 sententiam
507 3654 628 3741 abire,
654 3666 833 3742 tamquam
854 3649 1001 3722 concilii
1019 3650 1134 3721 totius
1152 3654 1332 3746 regulam,
1354 3655 1387 3727 dt
1410 3680 1474 3749 ea,
1500 3682 1579 3752 quae
1599 3664 1664 3739 ille

106 3760 107 3785 ¹
215 3756 320 3841 dixit,
344 3750 414 3825 suia
430 3770 576 3843 ortoque
595 3747 694 3823 diliis
709 3748 972 3842 comprobare,
994 3758 1101 3839 atque
1117 3748 1341 3827 confirmare.
1392 3752 1466 3849 lta,
1492 3758 1664 3851 quodPe·

106 3852 107 3869 '
215 3868 287 3927 true
302 3851 497 3944 judicavit,
527 3848 791 3925 narrationibus
808 3846 873 3920 suia
889 3846 1088 3935 Barnabae,
1113 3848 1294 3923 &Paulus
1313 3850 1595 3951 confirmarunt,
1627 3860 1663 3936 dt
1810 3888 1822 3911 κ

215 3952 366 4046 jacobus
385 3968 534 4041 qnoque
554 3944 815 4033 irroratione,
851 3966 919 4038 qua
941 3944 1104 4039 expteise
1125 3945 1170 4019 ad
1190 3945 1283 4021 Petri
1304 3950 1557 4033 authoritatem
1581 3982 1663 4053 pro·

107 4056 108 4075 ¹
215 4050 361 4123 vocavit
381 4070 419 4120 v.
435 4070 499 4138 14,
526 4046 561 4121 dt
582 4046 706 4139 reliqui
727 4046 869 4117 demum
891 4045 957 4115 viri
976 4043 1185 4136 apostolici,
1210 4067 1254 4119 ac
1269 4043 1468 4143 Presbyteri
1487 4078 1570 4131 cum
1586 4046 1663 4135 0'nt·

217 4150 254 4221 ni
268 4146 443 4225 Ecclesia:
469 4146 549 4221 Nan
562 4150 735 4241 inqtdeieri
748 4166 817 4237 err,
842 4150 897 4241 qui
913 4166 952 4217 ex
967 4145 1115 4239 gentiles
1129 4160 1358 4221 eruerentur
1371 4153 1415 4223 ud
1431 4150 1551 4230 Deurn.

353 4296 444 4374 ttae
463 4317 589 4372 norma
607 4295 684 4373 fere
701 4290 862 4371 omniunt
883 4291 1030 4387 posthac
1049 4296 1286 4375 conciliorum
1310 4299 1404 4392 suit,
1430 4316 1471 4375 nt
1490 4300 1594 4375 causa
1607 4304 1664 4380 rei

217 4398 273 4473 vel
295 4399 332 4475 in
354 4398 536 4487 concilio,
574 4400 635 4468 vel
656 4398 730 4493 'jam
755 4410 860 4467 antea
881 4392 1070 4488 diligenter
1093 4394 1238 4471 discussa
1263 4402 1399 4491 primur
1424 4402 1587 4475 omnium
1612 4420 1663 4477 ert

220 4516 278 4570 ore
298 4498 502 4589 sstiVieatii
525 4494 648 4568 Petrus
668 4498 901 4587 loqueretur,
939 4493 1042 4585 cujua
1065 4496 1151 4567 voci
1172 4500 1390 4589 reliquorum
1416 4497 1556 4573 Patrum
1582 4522 1662 4575 vox
1681 4586 1700 4597 j

218 4592 344 4689 semper
368 4594 554 4670 consensit.
609 4590 687 4691 Aut
707 4594 731 4668 b
755 4590 902 4665 subinde
924 4610 1000 4664 vox
1022 4588 1117 4666 Petri
1141 4615 1217 4669 non
1239 4592 1441 4690 antereffit,
1466 4598 1523 4679 sed
1547 4597 1661 4673 subse·

221 4708 308 4767 tuta,
325 4692 396 4783 esta
431 4710 522 4768 tunc
548 4694 700 4787 primurn
731 4691 908 4765 sententia
927 4686 1066 4764 Patrum
1094 4694 1347 4768 authoritatem
1376 4695 1569 4770 consecuta
1597 4696 1663 4781 est.
1768 4734 1774 4741 ·

219 4784 552 4886 Nostra-repudiatis
567 4792 638 4885 iam
654 4789 785 4883 Judaeia
803 4787 959 4862 uenena
973 4792 1133 4885 gentium
1149 4790 1220 4880 est,
1252 4793 1346 4866 hanc
1364 4809 1514 4889 oportet
1533 4818 1599 4887 per
1617 4790 1664 4878 os

219 4882 305 4965 Petri
326 4892 490 4971 divinum
511 4896 664 4971 verbum
684 4888 826 4969 audirer
840 5004 845 5011 ι
861 4883 991 5069 ξὲιηὲε
1015 4890 1112 4969 enim
1132 4889 1329 4969 hodiedum
1346 4913 1424 4973 non
1446 4892 1594 4973 cederit
1614 4919 1663 4976 ex
1729 4911 1736 4928 '
1812 4913 1815 4928 ·

1551 5016 1619 5071 ote
