3942 6134
788 1082 1123 1173 mh-
1562 1132 1633 1209 123

204 1293 343 1369 ‘aelim
368 1296 538 1365 motat
591 1304 622 1361 t.
649 1282 876 1381 Ultrajediiui
905 1282 1063 1366 lentilli
1089 1286 1259 1385 malarum
1285 1292 1413 1365 urtium
1434 1236 1684 1371 iahricatorert
1764 1321 1770 1330 ·
1832 1248 1835 1255 .

232 1413 268 1471 a.
287 1391 469 1467 ementita
479 1404 692 1483 magnorum
703 1389 866 1461 virorum
877 1385 1026 1462 numine
1039 1384 1280 1478 litbposrtltior
1293 1386 1404 1459 libror
1423 1394 1632 1481 procudunt
1645 1400 1683 1469 in
1761 1386 1777 1451 -'
1813 1432 1817 1447 =

100 1476 101 1496 ³
227 1493 378 1567 fabricis
391 1474 637 1562 Holiandiciae
664 1508 697 1579 3.
715 1508 790 1581 ope
806 1484 1108 1561 controversiain
1123 1482 1574 1581 Galliaortaedeliegalilus
1588 1494 1680 1565 invi-

100 1667 101 1672 ,
228 1590 302 1665 sam
316 1583 471 1663 reddere
483 1585 611 1661 seuam
626 1583 826 1661 Romanam
842 1582 1006 1673 student,
1031 1583 1112 1673 dtr.
1129 1586 1204 1678 ejus
1217 1584 1470 1659 authoritatem
1484 1586 1684 1679 deprimere

227 1692 276 1763 ad
296 1686 597 1783 patrocinandum
613 1683 832 1781 Apelaurum
852 1680 986 1757 caune.
1037 1682 1169 1759 Similia
1189 1686 1282 1758 illius
1300 1686 1473 1777 temporit
1490 1684 1680 1786 relligiosi
1739 1720 1747 1727 ·

185 1853 191 1865 .
227 1788 439 1873 invenerit,
463 1786 507 1857 ad
521 1784 687 1859 eumdem
702 1784 849 1882 scopum
863 1778 1071 1871 tendentia,
1094 1804 1148 1857 ote
1164 1798 1204 1858 tu
1220 1786 1351 1859 merito
1362 1784 1684 1883 lenseoimamim·

223 1886 412 1981 portuno
429 1883 719 1967 subodoraherit.
1276 1908 1284 1915 ·

100 2185 103 2304 l

374 2146 488 2226 Aliud
514 2154 720 2247 exemplum
747 2006 937 2245 quarrog
949 2026 1082 2225 ‘1132‘stoe
1103 2144 1220 2225 adhue
1236 2150 1492 2245 conformius„
1507 2171 1549 2224 ac
1567 2151 1685 2225 veluti

223 2260 340 2325 ovum
353 2270 434 2324 ovo
446 2251 659 2327 fimillrmum
674 2250 798 2325 eadem
813 2250 1014 2345 suppeditat
1025 2248 1167 2325 historia
1181 2244 1411 2325 ecclesiastica
1423 2252 1460 2341 *l
1472 2272 1516 2323 ex
1530 2248 1685 2325 duorum

100 2395 101 2420 r
224 2346 354 2423 Galliae
371 2348 634 2445 Episcoporum
644 2405 658 2441 ,
682 2350 927 2445 Rupelleniis,
945 2348 1235 2423 acLucionenfis
1252 2346 1417 2423 Pastorali
1432 2347 1594 2445 epistola,
1615 2370 1685 2447 qua

100 2455 101 2468 '
224 2448 326 2524 fideli
344 2448 412 2521 sue
434 2452 535 2547 plebi
551 2440 733 2544 pellionum
755 2452 878 2523 dolum
897 2446 1214 2551 Quesnellistarum
1233 2447 1428 2543 detegunt,
1455 2448 1514 2539 qui
1536 2460 1575 2519 ut
1591 2444 1685 2519 darn·

229 2566 338 2622 natat
366 2550 555 2651 Quernelli
568 2552 780 2651 ‚Reflrrioncr
802 2554 987 2623 moratoria
1008 2550 1059 2623 N.
1086 2547 1121 2622 T.
1142 2546 1361 2621 authoritate
1382 2546 1448 2618 viri
1471 2566 1546 2619 non
1568 2544 1684 2619 solunt

223 2647 324 2742 apud
336 2644 487 2737 Gallor,
513 2648 572 2723 sed
586 2650 618 2723 dr
634 2664 776 2725 exterae
795 2652 962 2721 nationes
982 2644 1114 2721 summe
1131 2644 1287 2719 aestimati
1306 2643 1568 2733 defenderent,
1594 2642 1681 2717 Bos.
1768 2660 1790 2729 '-

219 2766 338 2820 tuum
364 2737 558 2823 Meldeniis
584 2744 776 2843 Episcopi,
801 2758 906 2841 quern
929 2750 1007 2843 jure
1028 2747 1159 2818 merito
1182 2744 1343 2839 Magnam
1366 2742 1521 2829 dixeris,
1546 2762 1683 2815 nomen

215 2846 442 2921 mentientes
460 2850 594 2921 librani
621 2847 854 2942 divulgarunt
878 2844 1026 2939 Defenfio
1043 2846 1261 2943 Rrflexionum
1285 2852 1319 2917 in
1339 2844 1388 2919 N.
1417 2842 1453 2915 Τ.
1505 2836 1575 2913 Hic
1591 2844 1683 2915 iiber

217 2960 286 3018 aut
302 2942 391 3017 falso
409 2944 584 3018 Meldenlr
600 2942 822 3039 suppositus,
848 2960 958 3039 prout
973 2944 1059 3015 viria
1077 2942 1188 3016 noers
1200 2944 1270 3037 jam
1288 2940 1398 3013 visum
1412 2992 1425 3031 ,
1435 2956 1512 3031 aut
1525 2956 1624 3013 certe
1636 2942 1682 3012 ab
1711 2982 1726 2999 ‹

216 3042 303 3139 lpto
318 3042 470 3117 authore
483 3058 620 3117 mutata
638 3042 815 3118 sententia
832 3042 883 3115 est
899 3044 1133 3135 reprobatus,
1155 3042 1239 3115 hinc
1253 3042 1344 3115 mala
1356 3038 1456 3113 fidea
1470 3019 1691 3133 janseniiiid,

214 3153 409 3233 tamquam
433 3143 562 3215 ultima
582 3142 741 3217 Bollueti
758 3140 855 3215 sensa
873 3142 1058 3229 referens,
1084 3130 1283 3233 proculus,
1308 3148 1419 3235 prout
1438 3140 1552 3209 allatis
1572 3139 1684 3210 doru
1768 3178 1782 3209 ,ι

213 3242 366 3317 inentia
380 3236 784 3336 duolGalliae‘Episcopi
798 3236 1094 3309 demonstrarunt.
1156 3238 1192 3310 sl
1208 3234 1292 3329 quid
1307 3243 1377 3329 jam
1397 3234 1597 3331 Jurlllarum
1621 3254 1686 3308 va·

213 3343 273 3413 let
289 3337 438 3431 regula,
457 3340 568 3409 ³Semcl
582 3338 783 3435 deprrlnrsur
794 3342 906 3410 centies
919 3356 1012 3408 reus:
1037 3332 1148 3427 siquid
1160 3336 1340 3431 physicum
1353 3336 1528 3410 Newtoni
1542 3337 1684 3407 axioma

218 3437 351 3524 valet,
378 3431 656 3528 Exfirnr'lr‘radinr
672 3429 838 3531 plebitum
855 3432 1033 3527 rdfimltem
1052 3430 1185 3531 rauffirm
1197 3433 1252 3533 effe
1264 3438 1520 3511 concludendum:
1547 3434 1619 3509 stne
1632 3449 1684 3507 te·

100 3557 101 3610 ³
221 3536 395 3609 meritate
410 3532 641 3627 prejudicare
664 3534 806 3625 licebit,
834 3534 918 3625 quid
935 3533 980 3603 de
997 3534 1090 3605 libro
1109 3534 1331 3608 sentiendum
1351 3532 1533 3607 Bosruar'r
1547 3554 1684 3608 nomen

100 3627 101 3650 ¹
220 3632 469 3729 praeferente,
497 3631 646 3726 Dejinsso
670 3633 907 3708 Declararlonts
932 3632 1126 3722 Gallicano,
1161 3636 1331 3726 quilibet
1348 3630 1683 3706 mortuoBollueto
1751 3634 1753 3642 ‘

219 3734 355 3828 'viginti
373 3730 432 3803 sex
448 3729 579 3805 abhinc
593 3734 695 3806 annis
710 3752 788 3805 non
803 3730 962 3822 Parisiis,
984 3728 1048 3807 ted
1069 3724 1328 3828 Lunenhurgi,
1362 3732 1423 3805 nist
1442 3736 1471 3803 is
1490 3732 1561 3825 ipse
1578 3736 1682 3807 locut

100 3831 101 3916 ξ
220 3826 462 3923 lmpreffionia
477 3829 523 3905 fit
535 3825 659 3919 fictur,
683 3834 805 3904 verius
821 3830 986 3918 Brileae,
1014 3842 1075 3902 aut
1094 3830 1255 3907 Genevae
1275 3832 1423 3921 primurn
1439 3852 1469 3904 a.
1493 3852 1683 3925 1730pro·

100 3989 101 3994 r
223 3930 315 4019 diit3
339 3928 464 4022 postea
485 3942 604 4018 vero,
629 3948 710 4003 cum
728 3933 789 4001 vel
810 3930 883 4021 ipse
897 3928 1086 4003 Bolluetus
1110 3934 1223 4025 vulgo
1242 3924 1431 4003 Trecensra
1455 3933 1581 4023 prioris
1603 3930 1682 4023 Ne.

224 4034 296 4123 'pos
318 4028 487 4100 eumdem
508 4043 549 4098 ut
566 4031 759 4123 genuinum
775 4030 892 4101 nollet
908 4026 1123 4123 agnoscere,
1150 4028 1229 4123 post
1248 4028 1352 4121 hujus
1372 4044 1518 4121 quoque
1538 4032 1681 4105 obitum
1754 4026 1759 4033 ’

100 4135 101 4146 ’
224 4129 349 4200 multir
362 4144 444 4199 cum
459 4126 746 4217 mutationibus,
771 4124 1059 4207 &additionibus
1077 4124 1149 4201 stne
1174 4126 1322 4199 editoris
1337 4132 1484 4205 nornine
1505 4126 1682 4199 Amlielo·

224 4227 319 4298 darni
343 4247 402 4303 an.
426 4244 520 4317 1745
536 4224 682 4299 recusus
703 4222 764 4298 eil.
824 4224 912 4299 Haec
936 4228 1022 4299 licet
1042 4230 1151 4299 fortia
1173 4226 1408 4301 fraudulentae
1430 4224 1681 4317 suppositionis

100 4345 101 4394 l
222 4324 1098 4441 prejudicialongeiortioributadhuchiston'cia
1116 4346 1237 4421 eque,
1263 4348 1304 4403 ac
1317 4327 1448 4401 criticis
1460 4326 1680 4397 roborantur

100 4483 101 4520 ,
223 4438 454 4523 argumentis.
1272 4468 1282 4481 .

341 4702 348 4709 '
373 4696 424 4773 Et
454 4714 578 4796 certe,
603 4697 629 4773 fi
656 4702 805 4795 primam
831 4543 930 4775 iurgi
958 4562 1004 4775 ge
1023 4720 1079 4777 an.
1104 4720 1198 4795 1730
1223 4700 1418 4776 editionem
1442 4698 1485 4775 ad
1510 4696 1678 4774 incudem

221 4798 380 4873 velimus
404 4822 579 4875 revocare
592 4822 611 4919 3⁸
629 4822 692 4887 ea,
718 4824 763 4875 ex
784 4822 857 4894 quo
879 4799 951 4874 visa
969 4799 1041 4893 est,
1065 4806 1136 4899 jam
1151 4804 1287 4879 nullam
1302 4804 1400 4899 apud
1422 4800 1547 4877 Gallos
1566 4794 1675 4915 iidem

919 4903 1004 5025 Qa
1577 4920 1630 4975 m·
